2420 4154
225 308 272 397 84
589 311 745 364 urrunsa
779 311 782 316 ·

135 541 146 555 ‘
221 487 1010 602 soons.NATRUMcaRBONICUMCRUDUM.
1026 519 1129 580 sora.

342 737 430 797 Soda
451 734 568 806 nativa,
588 730 618 787 in
633 726 787 808 Aegypto,
809 719 931 795 Sibisia,
952 717 1131 801 Hungaria‚

306 837 338 898 in
358 833 482 897 lacubus
497 839 603 913 sponte
620 825 792 906 exsiecato,
813 820 935 906 copiose
956 819 1132 882 efflorescit.

303 937 388 999 Soda
409 935 571 1014 hispanica
593 935 837 989 concrementum
851 922 941 984 refert
955 942 972 982 e
986 919 1134 982 coeruieo

303 1039 474 1109 cinereum,
494 1032 622 1108 durum,
642 1045 803 1110 porosum,
824 1044 841 1084 e
862 1020 1028 1084 combustis
1044 1020 1133 1102 pian-

303 1139 342 1200 tis
358 1134 513 1199 maritimis
528 1131 694 1192 collectum.
715 1125 814 1187 Hodie
835 1122 923 1185 Sada
938 1124 1053 1183 venalis
1065 1123 1134 1203 pie·

304 1257 431 1320 rumque
453 1257 469 1298 e
490 1235 581 1298 Nutro
600 1228 787 1313 sulphuriao‚
802 1230 832 1288 in
846 1225 973 1287 officinis
987 1223 1134 1286 salinariis

305 1339 448 1414 collecto,
470 1357 528 1418 ope
549 1329 673 1394 ustionis
695 1351 765 1394 cum
786 1329 923 1390 Carbone
943 1343 976 1389 et
995 1325 1135 1388 Calcaria

307 1441 346 1502 ab
367 1441 453 1501 ncido
473 1437 643 1519 sulphurieo
665 1433 812 1508 liberato,
836 1429 937 1513 parari
959 1433 1046 1492 solet.
1067 1430 1136 1490 De·

308 1544 465 1625 puratione
485 1541 610 1600 Nutrum
631 1535 823 1625 carbouicum
845 1533 979 1614 largitur.
1029 1553 1034 1560 ·

230 1761 425 1826 SPATHUM
446 1753 743 1821 PONDEROSUM.
764 1753 844 1834 Spar
864 1749 968 1830 atriti.

352 1941 463 2023 Barytn
477 1934 645 2019 sulphuriea
662 1937 691 1994 in
705 1931 927 1994 metallifodiuis
942 1929 1139 2015 Hercyniae,

314 2039 463 2104 Saxouiae
484 2036 606 2118 aliisque
627 2036 733 2106 obvia,
761 2032 878 2116 saepius
898 2035 996 2094 Ferro
1016 2044 1049 2094 et
1071 2032 1139 2094 Cu·

312 2162 384 2228 pro,
415 2131 511 2202 rarius
531 2135 659 2198 Piumbo
681 2145 713 2194 et
734 2132 897 2213 Arsinna,
917 2151 975 2192 nec
996 2150 1059 2194 non
1080 2136 1139 2194 Ar·

314 2241 381 2326 gilio
401 2235 631 2317 Strontiauaque
656 2216 863 2317 quadantenus
892 2229 1058 2313 inquinata.
1092 2231 1141 2293 Sit

314 2341 382 2404 alba
403 2350 435 2400 et
454 2336 616 2399 lameiiosa.
995 2329 1000 2341 '
1105 2346 1110 2358 ·

237 2559 436 2628 SPIRITUS.
461 2554 612 2637 Wyskok.

355 2740 471 2821 Liquor
489 2733 716 2798 fermentatione
737 2733 841 2797 vinosa
861 2734 1022 2798 cereatum
1037 2748 1071 2800 et
1085 2737 1145 2800 de·

317 2842 475 2904 stillatione
491 2836 636 2918 subsequa
651 2837 799 2899 collectus.
822 2838 954 2920 Spiritus
966 2821 1143 2920 fronimi,-

319 2963 336 3004 e
354 2961 443 3004 succo
458 2954 603 3012 usurum,
624 2938 755 3018 Spiritus
770 2939 835 2997 uini
845 2937 993 3020 goliicu53
1016 2959 1034 2999 e
1049 2959 1145 3001 ronco

319 3039 476 3104 Arundinis
490 3038 722 3114 sacchariserae,
743 3038 821 3100 num
843 3061 865 3103 s.
884 3035 991 3124 Taffia
1003 3055 1143 3104 voostur.

243 3260 422 3332 sponsu
442 3259 602 3322 namus.
625 3258 741 3322 nassa
849 3202 852 3211 ¹
888 3205 921 3226 '⁵

282 3441 415 3528 Spongia
427 3441 599 3505 officinalis.
621 3406 801 3523 Zoopiiyeon
815 3443 909 3504 maru
929 3442 1146 3508 mediterranei

323 3559 351 3608 rt
372 3546 466 3606 maris
486 3543 579 3604 rubri.
