2418 4152
388 292 433 340 nr
460 291 658 342 conrosrrt
758 253 770 350 i
904 298 965 346 ιιι

198 423 305 486 coque.
327 405 461 466 Decoota
482 425 619 487 expromo
640 417 803 488 evaporent
822 421 912 470 caute
938 429 973 470 uo

196 502 256 564 leni
276 503 376 568 colore
398 506 436 567 ad
456 507 590 566 Extraoti
611 508 837 591 spissitudinem.

328 665 446 726 Eodem
466 665 555 726 modo
574 681 722 748 parentur

196 805 372 869 Extractum
397 809 593 870 Duloamarae
613 831 630 870 e
649 811 813 891 stipitibus5

153 937 155 942 ·
254 941 294 956 -
394 909 481 991 Ligni
502 909 730 994 Cumpeohianis
837 945 841 954 ·

254 1041 294 1056 -
396 1007 550 1072 Marrubii.
772 1017 775 1024 ’

200 1227 461 1292 EXTRACTUM
479 1229 602 1294 FERRI
624 1231 838 1294 POMATUM.

62 1407 99 1469 R.
144 1407 233 1469 Ferri
254 1407 322 1489 puri
341 1409 435 1471 limati
455 1407 561 1474 libram
582 1431 693 1488 unam,

147 1507 238 1571 socci
256 1509 422 1572 Pomorum
443 1509 629 1572 acidulorum
650 1508 738 1574 libras
757 1525 895 1594 quotuor.

227 1607 409 1692 Digerantur
423 1609 538 1693 saepius
547 1611 689 1694 agitando
700 1633 753 1696 per
766 1611 880 1694 aliquot
890 1610 962 1674 dies.

187 1707 305 1770 Postea‘
317 1722 485 1790 coquantur
504 1707 563 1770 leni
584 1711 651 1791 igne
671 1709 710 1772 ad
730 1707 871 1780 dimidiae
891 1731 962 1792 pan·

139 1829 141 1834 ·
187 1810 224 1868 tis
244 1811 487 1870 consumtionem.
516 1810 630 1891 Liquor
649 1830 703 1892 per
727 1809 852 1872 linteum
878 1810 961 1872 oola·

186 1923 235 1968 tus
256 1919 397 1990 evaporet
417 1910 455 1972 ad
475 1910 583 1992 justam
604 1907 832 1993 spissitud'nem.
896 1936 902 1950 ·

152 2123 414 2188 EXTRACTUM
436 2127 631 2188 GRAMINIS
651 2127 867 2205 LIQUIDUM.

57 2307 95 2368 R.
139 2307 288 2372 Rudinum
315 2305 480 2368 recentium
506 2303 664 2382 oraminis
686 2304 746 2368 ulbi
769 2306 859 2368 libres
879 2306 958 2370 duo-

224 2427 241 2464 0
284 2450 291 2466 ·

184 2408 364 2568 deiiiioisas
384 2506 535 2574 contunde
555 2508 585 2564 in
605 2505 748 2568 mortorio
768 2506 881 2583 ferreo,
901 2508 956 2568 ad·

183 2607 282 2668 dendo
376 2684 380 2691 ἢ

141 2707 247 2788 Aquae
267 2705 432 2766 communis
451 2702 540 2764 libros
561 2723 622 2766 sex.

221 2804 363 2887 Exprime
383 2824 518 2884 suooum,
538 2826 629 2886 quom
649 2783 719 2887 post
739 2802 856 2867 unicam
874 2805 957 2903 ebul·

182 2906 316 2969 ditionem
338 2904 369 2966 in
390 2925 459 2964 vase
472 2906 605 2968 'stanneo
626 2905 707 2984 noio,
727 2919 758 2968 et
777 2903 838 2968 leni
856 2903 964 2975 calore¹

182 3008 220 3069 ed
242 3006 338 3070 Mollis
359 3003 578 3088 spissitudinem
598 3003 710 3084 redige.

325 3171 438 3231 Eodem
458 3169 550 3228 modo
568 3179 692 3247 paretur

169 3353 176 3372 ,
259 3291 436 3352 Extractum
448 3274 607 3349 *Teraxaci
625 3285 768 3369 liquidum

217 3413 235 3452 a
255 3391 410 3453 radicitus
430 3388 616 3464 recentibus.
631 3407 700 3450 cum
721 3385 795 3450 orba
810 3386 951 3466 juniori,

178 3511 244 3552 vere
261 3492 361 3578 primo
383 3489 527 3550 collectis.

177 3592 301 3653 Panna.
324 3609 415 3653 neoto
434 3590 591 3651 Pononnn
831 3603 862 3645 ιι
