2420 4154
235 285 284 360 86

609 304 767 355 Mtunutt

233 523 446 586 SUCClNUM.
470 523 630 602 Burantyrr.

353 721 495 784 Bitumen
516 721 669 798 solidum,
689 719 893 802 pellucidum,
915 719 1037 802 fragile,
1063 716 1150 780 citri·

315 842 390 881 num
410 833 464 882 aut
494 819 624 896 flavum,
652 818 835 880 carbonibus
856 817 1047 901 impositum,
1072 839 1150 902 gra-

241 933 246 938 “
315 932 380 982 tum
408 923 546 982 odorem·
560 916 734 1003 specificam
760 937 922 1002 spargana,
949 920 981 980 in
1008 915 1149 980 destilla-

314 1021 398 1084 tione
412 1020 530 1084 acidum
546 1031 720 1085 conomum
736 1022 892 1103 proprium
903 1017 1059 1082 exhibens.
1072 1018 1149 1080 Col·

314 1121 417 1204 ligitur
438 1125 567 1184 maxima
591 1135 734 1204 exparte
761 1119 793 1181 in
820 1122 879 1182 oris
908 1117 1015 1180 Baltiui
1037 1121 1145 1197 moris,

314 1221 448 1304 inprimis
479 1222 530 1284 ubi
560 1220 717 1284 Bornasiae
746 1221 845 1282 littora
877 1230 909 1280 ct
941 1218 1147 1280 Pomoraniac

315 1321 420 1384 adluit.

236 1519 390 1582 SUCCUS
411 1520 675 1602 LlQUllllTlAE.
696 1520 760 1582 Sol
781 1519 986 1602 lnlrecyowy.
1007 1573 1010 1582 .

279 1680 473 1766 Glycyrrhiaa
493 1681 596 1763 glabra
617 1695 646 1744 et
669 1682 708 1744 G.
729 1684 881 1744 echinata.

346 1824 534 1886 ¹Eutraotum
554 1843 572 1884 c
591 1822 678 1885 fureo
699 1822 836 1906 nigrum,
868 1845 887 1886 e
912 1822 1065 1886 radicibus
1095 1847 1144 1887 rc-

319 1923 456 1986 centibus
476 1921 613 1986 coctione
627 1928 656 1984 in
670 1944 749 2006 aqua
763 1936 902 2007 paratum
923 1936 956 1986 et
976 1927 1014 1986 ad
1030 1929 1144 1988 ciocum

318 2025 379 2084 lere
400 2024 634 2098 condensatum
663 2023 778 2106 saporis
806 2024 898 2087 dulcit
928 2023 1084 2101 subantis,
1112 2025 1145 2087 iu

318 2147 398 2206 aquo
418 2125 551 2188 solubile.
572 2125 620 2186 Ex
640 2124 780 2207 Hispania
800 2138 830 2188 et
852 2127 967 2201 Sicilia,
988 2131 1018 2188 in
1039 2131 1145 2190 muas

318 2223 395 2286 foliis
417 2227 505 2286 Lauri
526 2223 694 2298 obvolutis,
717 2225 756 2286 ad
777 2245 832 2287 nos
855 2229 944 2288 venit.
977 2225 1147 2308 Rejiciatur

319 2345 414 2406 cupro
435 2324 630 2406 inquinatum.

239 2542 437 2605 SULPHUR.
458 2542 583 2604 Sicula.

362 2724 479 2804 Corpus
496 2721 641 2796 solidum,
654 2721 779 2794 friabile,
792 2722 894 2786 colore
908 2723 1026 2804 citrino,
1043 2729 1145 2806 qnod,

318 2823 522 2884 comburendo
554 2822 713 2904 Oxygcnio
744 2833 891 2905 nuptum,
924 2821 1044 2886 acidum
1066 2824 1144 2888 tiatit

318 2923 531 3005 sulphuricuua
553 2924 693 2986 Occurrit
713 2925 866 2997 nativum,
885 2927 1015 2986 maxima
1038 2938 1144 2988 cutem

316 3035 402 3106 parte
423 3048 440 3087 e
461 3025 579 3088 minaria
601 3024 667 3084 ferri
689 3023 855 3106 sulphurati
873 3022 994 3088 intenso
1006 3025 1077 3108 igne
1092 3049 1145 3090 cx·

318 3125 437 3208 pulsum
452 3126 633 3209 acquiritur,
654 3123 777 3206 ejusque
791 3123 1000 3196 sublimatum,
1019 3131 1143 3188 nominc

315 3227 444 3288 Florum
465 3226 632 3310 Sulphurr's
649 3220 819 3304 insignitur.
