2420 4154
593 295 749 344 MATERIA

304 409 540 482 salamantina,
562 420 678 488 terrea,
710 413 839 491 itemque
862 423 970 468 tetram
992 402 1122 469 siliceum

303 530 372 570 cum
393 509 464 570 Kali
485 512 616 571 caustico
647 510 751 571 intime
772 512 923 592 junctam,
957 509 1122 569 continens.

304 613 375 688 Quo
396 609 507 672 facilius
529 614 556 671 in
590 633 666 693 aqua
695 611 837 683 solvitur,
871 624 902 670 et
932 629 993 691 quo
1024 606 1124 669 minus

255 772 259 780 ,
303 727 401 772 teri-ae
423 711 541 772 siliceae
563 713 600 773 ab
622 713 727 774 adfuso
743 711 828 772 acido
841 731 1022 792 quocunque
1036 731 1123 791 prae·

303 814 455 894 cipitatur,
477 832 514 873 eo
535 811 642 874 melior
661 811 808 873 habenda.

224 1009 529 1073 COLOCYNTHiS.
548 1009 804 1092 Knioltwintyda.

261 1169 405 1232 Cucumis
427 1171 630 1255 colocynthis.
652 1173 766 1234 Planta
786 1189 890 1272 annua
911 1171 1077 1232 orientalis.

341 1311 471 1371 Fructus
493 1283 802 1372 scorticaextertori
823 1310 1006 1382 mundatus,
1033 1309 1116 1394 pomi

299 1408 512 1492 magnitudinis
533 1422 563 1471 et
583 1409 717 1492 figurae,
739 1414 851 1472 semina
872 1409 1055 1489 albicantia,
1088 1410 1120 1472 in

300 1507 463 1572 substantia
492 1511 572 1595 atha,
606 1509 688 1591 levi,
720 1509 899 1595 spongiam,
934 1508 1118 1578 amarissima

299 1610 460 1674 includens.

220 1812 531 1877 COLOPHONiUM.
554 1813 735 1896 Kalasonia.

258 1973 351 2036 Pinus
384 1972 544 2057 sylvestris.
574 1976 695 2049 Arbor,
727 1993 790 2058 qua
825 1975 953 2056 Europa
984 1926 1119 2068 arealis

298 2075 441 2136 abundat.

260 2193 263 2202 Ι
349 2212 455 2276 Resina
476 2212 641 2296 diaphnna,
671 2234 761 2298 super
785 2211 885 2295 ignem
905 2212 1019 2297 liquata
1039 2233 1117 2276 con·

299 2317 459 2378 sistentiam
481 2313 626 2377 friabilem
647 2329 677 2378 et
697 2315 830 2378 colorem
851 2336 888 2378 ex
909 2313 1049 2378 succineo
1064 2337 1118 2378 au·

300 2413 465 2476 rantia'cnm
487 2428 582 2475 nacta.

219 2613 423 2680 CONCHAE.
445 2615 587 2697 Stompy
606 2629 802 2698 ostnygowe.
862 2617 864 2622 ’

260 2777 369 2842 Ostrea
389 2777 493 2840 eduiis.
514 2777 613 2838 Maris
630 2778 804 2842 Germanici
824 2780 935 2842 incola.

341 2917 467 2992 Testae,
488 2916 526 2976 ab
547 2919 626 2978 omni
648 2917 735 2980 sarde
756 2918 929 3002 deputatae.
980 2935 983 2944 ’

220 3137 357 3200 CORNU
379 3137 513 3200 CEltVl.
537 3137 601 3218 Ro'g
622 3139 724 3200 ieleai.

340 3319 453 3379 Cervus
473 3316 614 3397 Eiapiitts.
