2418 4152
390 310 434 358 nr
459 311 659 363 corrosus
811 289 813 296 ’
902 323 969 397 ¹29

359 523 456 586 ΚΑΜ
476 525 696 591 lllTlilCUbls

367 661 494 736 (Narras
515 663 687 740 Potarsac.)

156 817 277 880 llitrum
297 819 424 880 crudum
443 819 475 882 in
495 821 599 903 Aquae
618 820 752 884 fervidae
766 821 859 906 duplo
879 824 970 906 liqna.

199 920 306 982 Soluto
326 917 487 1002 Liquorcm
509 921 579 983 Kali
592 921 740 986 carbonici
754 923 896 1004 quamdiu
910 937 972 1008 tur·

195 1020 300 1095 batur,
330 1019 438 1082 instilla
462 1037 493 1084 ct
512 1043 569 1106 per
595 1024 729 1084 chartam
758 1022 906 1104 colatum,
937 1038 972 1085 ut

195 1120 324 1202 crystalli
338 1134 545 1202 concrescant,
560 1143 679 1205 sepone,
696 1125 809 1206 Liquor
822 1122 973 1200 residuus,

195 1218 234 1280 ad
254 1219 411 1285 dimidium
422 1229 615 1302 evaporatus,
636 1221 735 1286 denuo
750 1221 904 1303 crystallus
919 1221 971 1282 da·

195 1319 300 1382 mittit,
329 1323 418 1399 Qaac
443 1319 578 1403 operatio
604 1321 765 1404 reputanda
789 1337 849 1393 cat,
876 1343 970 1404 usqua

195 1419 265 1482 dum
287 1407 420 1504 crystalli
440 1421 510 1484 Kali
530 1422 628 1484 uitrici
648 1423 739 1506 pura'a
760 1424 898 1490 evadunt.

303 1617 399 1680 nau
420 1573 737 1684 sunruuaaruu.

310 1754 537 1838 (Salplarctam
558 1759 732 1836 Potassaa.)

66 1920 101 1982 lt.
144 1919 298 2004 sulphuris
317 1922 453 2005 depurati
474 1933 588 2004 partam
608 1941 720 1993 unam,

151 2019 220 2084 Kali
241 2020 389 2083 sarbonici
410 2019 507 2082 siccati
528 2029 626 2102 partas
647 2019 731 2082 duas.

231 2122 324 2181 Mixta
343 2121 376 2182 in
395 2119 549 2183 crucibulo
569 2131 649 2181 terto
663 2131 692 2180 ct
706 2117 778 2180 satis
793 2120 893 2201 amplo
906 2120 967 2181 leui

189 2219 307 2301 igneio
329 2239 457 2280 massam
481 2219 699 2300 homogensam
720 2221 844 2293 cob‘ant,
874 2238 966 2300 quam

189 2319 223 2381 in
249 2340 358 2382 conum
386 2320 549 2400 branciam,
581 2331 632 2380 aut
659 2317 691 2380 in
712 2319 887 2380 mortarium
912 2337 965 2378 aa·

189 2441 296 2495 neum,
327 2420 412 2483 Olso'
425 2416 805 2503 amygdalarum-initum,
826 2417 964 2492 aliunde,

188 2518 370 2602 frigefactarn
385 2519 583 2601 grossiasculc
598 2530 676 2593 tara,
690 2529 721 2580 ct
735 2516 835 2594 statim
848 2515 878 2580 ia
893 2537 963 2582 rasa

189 2617 253 2680 rite·
265 2620 368 2683 clauso
387 2641 481 2684 serva.

314 2821 409 2882 ΚΑΜ
432 2819 724 2911 SULPRURICUM.

338 2957 491 3038 (Sulpbas
512 2958 691 3034 Potassac.)

99 3117 101 3122 '
146 3114 274 3176 Massam
295 3115 416 3176 saliuam
437 3128 507 3199 post
527 3113 753 3180 destillationem
775 3110 851 3175 acidi
865 3111 961 3174 uitrici

185 3228 387 3276 remanentem
412 3219 440 3276 in
467 3219 569 3298 Aquae
599 3213 764 3297 quantitate
794 3211 961 3274 sufficiente

156 3343 158 3349 v
184 3314 342 3396 coquendo
369 3311 466 3394 solve,
495 3314 620 3376 Aridum
650 3316 672 3376 si
699 3312 850 3394 abundat,
879 3321 961 3372 creta

184 3425 299 3488 satura,
320 3405 466 3496 liquoram
487 3435 633 3498 scopora,
654 3412 749 3476 donec
763 3411 889 3478 concula
910 3431 959 3491 ap·

183 3526 285 3596 parca
303 3514 397 3580 Filtra
417 3527 448 3580 ct
469 3517 496 3583 ia
517 3516 670 3597 crystallus
689 3515 798 3597 redige.
