2418 4152
256 274 325 363 144
591 290 815 342 enaneanacl

373 506 519 568 OLEUM
540 507 716 568 GALBANI
740 503 1010 567 AETHEREUM.
1053 529 1057 536 ⁴

245 708 281 769 Il.
325 706 449 769 Galbani
472 707 559 768 libras
580 706 673 786 duas,

324 811 431 890 Aquae
451 809 617 868 communis
639 807 801 890 octuplum.

407 907 479 970 Fiat
499 905 672 982 destillatio,
690 929 708 970 e
729 920 841 971 retorta
871 906 964 969 vitrea
984 905 1017 967 in
1038 925 1150 968 arenae

364 1009 506 1076 balneum
521 1007 692 1089 recondita,
705 1009 744 1071 ad
758 1007 926 1072 dimidium.
949 1008 1060 1069 Oleum
1084 1009 1150 1068 lim·

365 1111 471 1194 pidum
491 1113 595 1192 Aquae
620 1109 787 1197 destillatae
817 1113 952 1173 innotans
981 1109 1087 1190 collige
1117 1122 1150 1168 et

363 1234 457 1276 serva.

502 1429 650 1492 OLEUM
670 1431 886 1494 NUClSTAE.

244 1611 282 1670 lt.
326 1608 506 1672 Nucleorum
527 1609 750 1672 moechatorum
772 1619 917 1694 quantum
938 1609 993 1675 via.

406 1712 577 1788 Contusos,
610 1725 642 1772 et
662 1711 782 1772 sacculo
802 1705 970 1773 cannabino
990 1709 1146 1786 inclusos,

369 1834 466 1896 aquae
486 1813 634 1875 bullientis
655 1835 766 1896 vapore
786 1811 976 1895 impraegnat,
994 1811 1067 1874 dein
1087 1833 1147 1896 ope

368 1914 462 1996 preli,
475 1912 592 1975 laminis
607 1935 687 1996 equa
699 1914 813 1976 fervida
827 1914 991 1990 calefactis,
1012 1917 1147 1996 expn'me

368 2011 477 2075 Oleum
500 2024 531 2074 et
551 2032 646 2074 cerva.

512 2229 660 2293 OLEUM
680 2231 868 2296 ovottunt.

243 2415 280 2476 li.
324 2412 462 2476 Ovorum
489 2411 675 2495 recentium,
709 2414 844 2476 coctione
872 2417 903 2476 in
922 2433 1002 2497 equo
1023 2416 1145 2478 durato·

364 2536 452 2592 rum,
473 2525 620 2597 quantum
640 2513 694 2580 vis.

403 2615 506 2679 Vitelli
527 2618 637 2678 exemti
656 2614 689 2678 in
709 2618 857 2700 sangine
882 2617 994 2681 munda
1015 2617 1078 2682 leni
1098 2641 1145 2682 ce·

364 2718 447 2792 lore,
469 2736 527 2798 ope
548 2715 648 2798 pistilli
677 2715 785 2799 lignei,
805 2719 954 2800 agitentur
974 2717 1075 2784 donec
1096 2741 1144 2780 ru·

369 2817 482 2881 lateant
511 2829 543 2878 et
561 2815 641 2878 inter
661 2816 767 2900 digitos
793 2821 899 2902 presai,
921 2819 1033 2882 Oleum
1055 2824 1145 2884 emit·

364 2929 454 2998 tant,
485 2929 549 2979 tum
580 2919 697 2981 sacculo
726 2916 855 2982 inclusos
885 2919 969 3002 poelo
997 2921 1141 3004 exprime.

364 3020 475 3081 Oleum
496 3018 653 3082 obtentum
674 3018 706 3080 in
727 3018 806 3082 vitro
827 3023 969 3085 obturato
989 3042 1091 3088 terve.

498 3237 666 3315 ,oLEUM
694 3240 865 3304 SUCClNl.

295 3468 297 3478 ,
328 3420 441 3484 Oleum
471 3418 669 3483 decollatione
696 3420 778 3484 acidi
799 3421 940 3484 succinici
969 3425 1142 3506 obtentum,

369 3543 387 3582 e
408 3533 521 3584 mtorta
533 3524 625 3586 vitrea
644 3519 704 3584 leni
724 3520 793 3607 igne
814 3523 992 3590 destillando
1011 3523 1140 3590 laetifice

365 3637 396 3685 et
415 3641 511 3686 servo.
