2420 4154
232 257 278 352 in
376 227 378 233 Ι
596 277 753 330 nursini

308 395 471 480 geniculis,
492 395 600 478 quibus
620 398 699 458 intus
720 400 920 480 prominentes
942 397 1046 461 circuli
1066 423 1124 464 res·

309 499 463 580 pandent,
482 496 641 577 distincta,
664 497 764 561 odoris
779 514 809 562 et
823 500 936 584 saporis
959 504 1034 584 Apio
1054 525 1124 585 pro·

308 599 422 684 pinqui.
441 599 528 662 Folia
543 622 649 683 magna
661 599 835 684 bipinnata,
856 602 953 686 pinnis
966 603 1125 668 linearibus

307 698 444 780 serratis,
464 697 592 782 glabris3
623 698 723 763 radice
745 703 841 763 minus
868 701 1032 765 intensionis
1054 706 1126 767 odo·

306 804 366 883 ris,
388 812 479 884 atque
501 801 625 884 saporis.

224 1001 359 1065 HERBA
382 1002 683 1066 COCHLEARIAE.
709 1003 936 1086 Warzgrclnwa.

265 1163 453 1227 Coehlearia'
473 1164 639 1228 officinalis.
670 1167 784 1228 Planta
804 1167 940 1244 biennis,
972 1168 1015 1226 ad
1034 1169 1124 1230 litora

305 1266 452 1349 Europae
473 1270 601 1332 borealis
610 1267 778 1349 frequens,
798 1267 883 1349 apud
902 1288 956 1329 nos
978 1271 1009 1328 in
1031 1269 1122 1332 nortis

197 1387 200 1394 ’
304 1367 399 1430 culta.
697 1364 701 1376 '
1083 1363 1097 1390 ⁸

344 1509 576 1573 Herba-florens
598 1512 796 1592 succulenta,¹
818 1508 967 1595 principio
989 1515 1047 1573 acri
1069 1535 1124 1574 vo·

301 1607 372 1669 latili
394 1610 547 1691 praedita,
567 1608 643 1670 soliis
665 1608 843 1671 radicalibus
868 1609 1017 1691 cordatis,
1051 1621 1123 1672 'cau-

304 1709 369 1772 linis
391 1709 529 1793 oblongis
550 1710 683 1773 sinuatis.

221 1908 355 1971 nunni
377 1909 487 1969 conr
510 1875 722 1970 nicrum
744 1933 767 1971 s.
790 1910 969 1971 cruoris:
990 1912 1122 1972 uncu-

300 2011 449 2072 LATAE.
470 2011 592 2072 Swinia
611 2032 703 2074 wera.

262 2174 389 2235 Conium
415 2173 604 2234 maculatum.
638 2173 752 2234 Planta
784 2174 896 2233 biennis
926 2177 958 2234 in
991 2173 1124 2238 Paionia

294 2280 450 2358 frequens.

338 2414 440 2488 Herba
462 2413 587 2475 obscure
610 2412 726 2489 viridis,
748 2411 822 2474 foliis
835 2417 1003 2498 compositis
1025 2416 1123 2499 tripli·

299 2514 529 2598 cato-pinnatis,
552 2511 660 2575 foliolis
682 2515 852 2576 lanceolatis
873 2515 968 2577 incisis
989 2515 1123 2597 glabris,

297 2619 381 2679 caule
396 2629 425 2678 et
437 2615 525 2678 ramis
540 2614 702 2698 majoribus
715 2616 838 2678 maculis
852 2615 1010 2699 purpureis
1018 2639 1123 2700 asper·

298 2721 355 2790 sis,
386 2717 518 2778 nidorem
548 2736 729 2776 nauseosum
755 2713 830 2776 lotio
851 2714 970 2777 murino
992 2718 1122 2780 similem

297 2819 448 2880 exhalans.

215 3018 350 3082 HERBA
370 3015 588 3078 DlGlTALlS.
611 3015 847 3096 Naparuztnira.

256 3178 393 3263 Digitalis
414 3199 573 3261 purpurea.
607 3178 719 3238 Planta
740 3191 885 3238 ninntana
907 3175 1065 3239 Helvetiae
1090 3193 1122 3240 et

299 3279 492 3341 Germaniae.

336 3418 438 3479 Herba
468 3415 639 3495 virulenta,
677 3414 752 3476 foliis
783 3414 939 3497 ellipticis‚
976 3423 1121 3500 ¹rugosis,

296 3517 429 3592 hirsutis,
455 3516 588 3601 margine
617 3519 746 3593 serratis,
767 3515 880 3599 saporis
910 3516 1004 3580 arnari
1031 3540 1120 3582 ocer-
