2418 4152
169 294 174 300 '
249 281 315 379 rin
582 303 805 358 amariam

400 426 574 487 Infundatur
593 423 768 486 cucurbitae
795 423 906 484 utrae
927 440 988 504 ope
1014 421 1142 484 infundi-

359 527 422 588 buli
443 525 551 606 vitrei,
571 546 610 589 ne
621 523 795 588 cucurbitae
816 524 909 584 latera
929 521 1138 605 inquinentur.

362 627 443 702 Tum
463 627 609 690 alembico
630 636 661 688 et
679 645 753 689 vare
772 621 935 706 recipiente
964 625 1045 686 bene
1066 625 1143 686 lma·

359 726 417 800 tis‚
437 726 490 787 fiat
511 724 687 801 destillatio,
721 723 874 787 lenissimo
894 723 994 785 balnei
1030 746 1143 787 arenae

358 831 478 904 calore,
498 826 644 909 quamdiu
664 826 775 887 Oleum
795 838 887 888 tenue
908 825 1043 906 elicitur,
1055 829 1142 908 quod

359 931 495 990 cautione
510 927 636 1001 eadem,
653 926 827 988 cucurbitae
840 947 939 988 novae
952 947 1023 987 cum
1039 949 1142 1010 aquae

358 1028 526 1111 quadruplo
556 1031 682 1089 mixtum
710 1024 904 1104 infundatur,
924 1037 956 1087 et
986 1026 1144 1110 applicato

219 1166 223 1178 ·
357 1126 505 1187 alembico
525 1145 559 1187 ac
578 1146 651 1190 vase
671 1125 833 1206 recipiente
853 1145 946 1208 puro,
967 1126 1079 1188 itemm
1094 1149 1144 1188 ca·

357 1227 421 1288 lore
453 1225 566 1290 blando
595 1223 744 1299 dectinet,
777 1227 850 1286 dum
879 1223 1144 1308 limpidissimum,

357 1349 454 1410 aquae
474 1327 568 1389 instar
586 1336 721 1410 apparet.
751 1327 934 1388 Immittatur
953 1325 1033 1390 illico
1053 1327 1144 1412 inge·

353 1428 476 1491 nunuiis
504 1425 607 1490 vitreis
627 1427 836 1490 drachmarum
863 1427 1011 1508 duarum,
1033 1445 1145 1495 exacte

356 1527 528 1592 obturandis
538 1539 569 1591 et
579 1529 612 1590 in
625 1527 821 1610 Hydreugym
831 1549 909 1609 puro
918 1527 1143 1613 demergendis.

336 1705 343 1734 '
384 1725 532 1813 oiauu
552 1745 728 1811 autumn
747 1695 984 1811 roamnmu.

398 1929 562 1994 obtinetur
596 1948 656 1991 una
689 1949 759 1990 cum
789 1928 948 1992 Ammonio
974 1929 1142 1995 carbonico

356 2032 573 2116 pyro-oleoso,
593 2029 757 2092 encheireci
779 2051 835 2093 auo
854 2031 923 2093 loco
943 2031 1141 2116 praescripta.

521 2201 667 2312 cneum
687 2249 835 2314 camo.

313 2435 436 2498 Semina
457 2432 558 2495 Cacao
577 2430 685 2494 leniter
702 2441 804 2512 tosta,
838 2452 858 2492 a
877 2431 1040 2498 corticibus
1061 2433 1139 2498 libe·

353 2545 438 2612 rem,
468 2546 597 2596 contusa
629 2543 659 2594 et
689 2552 777 2595 taceo
805 2530 974 2597 cannabino
993 2533 1139 2612 inclusa,

353 2639 456 2718 Aquae
486 2631 636 2696 bullientia
667 2653 779 2714 vapore
810 2632 984 2717 impraegna
1013 2648 1046 2697 ct
1076 2657 1138 2720 ope

261 2742 265 2748 '
350 2733 529 2812 torcularis,
549 2736 633 2815 cujus
647 2731 774 2795 laminae
794 2736 825 2795 in
844 2755 924 2816 aqua
944 2735 1057 2798 fervida
1081 2759 1135 2798 ca-

222 2859 231 2884 0
351 2835 475 2898 lefactae
510 2833 585 2913 sint,
621 2832 766 2916 exprime.
796 2833 909 2896 Oleum
929 2835 1135 2918 butyraoeum

353 2955 409 3015 ope
423 2953 519 3015 aquae
539 2930 653 2992 calidae
674 2932 838 3015 liquatum,
860 2954 916 3015 per
934 2933 1061 2997 linteum
1083 2949 1133 2997 te-

350 3053 410 3096 nue
430 3032 497 3096 coln
517 3043 548 3094 et
567 3032 755 3114 frigefactum
776 3054 871 3098 serva.

390 3253 537 3318 OLEUM
551 3251 962 3317 CARYOPHYLLORUM.

226 3441 263 3503 tt.
307 3433 574 3522 Caryopbyiiorum
595 3431 827 3495 aromaticorum
847 3430 994 3517 quatitum
1016 3435 1071 3500 via.

390 3533 530 3600 Contueis
560 3547 592 3596 et
612 3547 743 3597 retortae
773 3536 885 3598 vitreae
906 3533 1048 3600 immistis
1069 3539 1126 3600 ad-

347 3637 491 3726 fundatur
