2420 4154
250 287 290 332 12
612 283 767 333 MATERIA

240 496 427 561 tnYLUM.
448 496 624 558 Kroolrnral.

282 649 430 742 Triticuni
443 680 612 762 hybernum
627 696 655 742 et
670 681 817 742 Triticum
833 680 996 764 turgidum.
1014 682 1138 742 Plantae

322 782 455 845 cereales
474 783 592 844 biennes
613 783 733 846 cultae..

362 901 465 966 Pulvis
487 903 713 981 subtilissimus,
736 873 842 985 albus,
864 895 1026 988 insipidus,
1053 925 1070 965 e
1098 904 1139 962 s·

321 1005 387 1068 rina
407 993 572 1083 seminum,
592 1006 696 1066 relicto
718 1005 860 1088 principio
874 1007 1024 1086 glutinoso
1039 1015 1068 1065 et
1083 1025 1141 1064 snc-

321 1105 459 1184 charino,
481 1126 558 1188 aqua
579 1105 688 1188 frigida
709 1105 827 1181 elutus,
850 1104 896 1164 vel
918 1107 1040 1187 praevio
1054 1102 1141 1163 semi·

319 1225 394 1265 num
414 1204 660 1285 fermentatione,
681 1225 786 1264 eornm
807 1202 1073 1284 conquassatione,
1099 1213 1142 1262 at·

320 1323 382 1386 qne
413 1303 638 1366 edulcoretione
676 1304 808 1386 pulveris
841 1314 1060 1384 praeparatus,
1092 1304 1141 1382 qni

321 1425 399 1487 aquo
421 1419 525 1466 coctus
544 1403 575 1466 in
590 1405 785 1488 mucaginem
809 1403 959 1478 vertitur,
978 1405 1031 1466 sed
1053 1424 1070 1464 a
1091 1403 1143 1464 fri·

322 1505 389 1586 gida
409 1503 586 1588 neutiquam
609 1503 747 1582 solvitur,
768 1527 867 1588 neque
882 1504 1014 1566 colorem
1031 1505 1142 1566 tinctu-

321 1627 373 1667 roe
396 1603 573 1688 Heliotropii
593 1609 623 1665 in
643 1601 768 1667 rubrum
790 1617 896 1667 mutat.

241 1825 500 1887 ANTIMONIUM
521 1826 695 1889 CRUDUM
729 1825 942 1888 emittunt
966 1825 1144 1888 SULPHU·

226 1951 230 1954 ·
322 1926 469 1986 RATUM
488 1927 660 1988 NIGRUM.
693 1927 887 2014 Szpisglanc,
915 1928 1066 2008 Siarczylr
1087 1948 1144 1987 an·

324 2039 461 2108 tymonu.

363 2205 480 2268 Minora
511 2205 597 2268 Stibii
628 2207 815 2292 sulphurati,
849 2229 903 2292 per
934 2209 1149 2292 eliquationem

225 2333 229 2341 ·
322 2307 451 2370 invasis
473 2307 583 2372 clausis
605 2330 623 2370 a
644 2312 766 2371 matrice
786 2323 929 2392 purgate,
953 2321 985 2372 et
999 2309 1148 2394 crystallis

325 2407 520 2470 ncicularibus
541 2407 705 2472 nitentibus
725 2411 897 2492 conspicua.

243 2625 482 2689 ARGENTUM.
503 2627 623 2689 Srebru.

365 2809 520 2872 Metellum
543 2789 666 2884 album,
696 2809 824 2886 ductile,
855 2814 904 2873 vie
929 2810 1007 2872 sicce
1028 2831 1151 2892 oryge-

323 2913 406 2972 nium
427 2930 587 2993 respuens,
609 2911 776 2994 oxydntnnr
796 2933 867 2974 cum
888 2913 1152 2974 acidomurintico

326 3008 510 3072 connubium
539 3008 741 3072 indissolubile
771 3011 960 3072 contrahens.
990 3011 1025 3070 ln
1057 3008 1152 3071 acido

326 3112 432 3173 uitrico
454 3110 584 3174 solutum
606 3110 644 3174 sit
664 3109 841 3194 limpidum,
871 3133 927 3174 nec
947 3109 1155 3184 viridescens‚

327 3229 383 3272 nec
403 3209 537 3296 Liquore
558 3211 699 3273 ammonii
730 3214 851 3275 cenerici
872 3222 1155 3296 supersutumtum,

329 3312 498 3394 saphireum
518 3313 651 3376 colorem
670 3309 807 3378 induens.
