2420 4154
260 439 815 534 PRAEFATIO

489 707 591 728 a*

133 1099 239 1266 Qua
259 1165 334 1226 olim
353 1163 492 1228 Patrium
504 1165 639 1247 Regnum
658 1163 784 1230 carebat
797 1163 989 1227 Ptamao-

85 1275 173 1352 poeia
192 1268 340 1350 propria,
359 1287 398 1328 ea
417 1289 455 1330 ns
474 1266 591 1329 diutius
615 1278 788 1349 regenerato
810 1267 906 1340 desit,
937 1263 990 1326 sub
1047 1281 1050 1294 ·

61 1370 227 1451 -auspiciis
250 1369 478 1434 Clementiaini
498 1369 725 1444 Mantuanus,
745 1368 874 1428 Patriae
893 1368 990 1428 Resti-

82 1471 206 1549 tutoris,
229 1468 402 1546 summique
416 1469 590 1530 Literarum
609 1481 639 1530 et
652 1469 775 1530 Artium
788 1465 989 1544 protectoris,
1052 1538 1059 1550 '

74 1574 167 1651 jussu
187 1583 214 1629 et
228 1571 408 1630 auctoritate
423 1569 582 1630 Ministerii
593 1565 876 1629 Administrationis
894 1583 992 1626 renem

80 1675 270 1732 internarum
291 1685 321 1730 et
338 1668 520 1750 disciplinae
537 1669 696 1751 publicae,
708 1689 808 1750 apere
829 1666 921 1728 hacce
940 1687 993 1727 cu·

82 1773 223 1834 ravimus.
242 1769 370 1851 Urgebat
384 1771 527 1832 nimirum
542 1773 702 1833 necessitas
715 1769 804 1852 hujus
817 1789 852 1830 ca
869 1771 999 1850 major„

83 1894 142 1954 qne
164 1874 279 1932 arctius
300 1871 497 1946 vainciae,
528 1857 618 1934 antea
640 1869 902 1952 <diversislegibus
921 1869 992 1930 abe-

83 1976 218 2046 dit-ntes,
249 1993 369 2032 rursum
397 1973 484 2033 unius
504 1974 662 2054 regiminis
689 1972 813 2034 uincula
833 1969 992 2050 cingeban-

81 2086 151 2151 tur,
171 2086 200 2134 ct
221 2091 281 2153 quo
300 2073 425 2151 gravius
438 2093 518 2132 nunc
538 2086 566 2133 et
583 2073 860 2154 pharmacapact'ae
874 2081 903 2131 et
913 2089 993 2151 pon·

82 2176 157 2234 dera
167 2186 196 2234 et
205 2191 396 2231 nummorum
410 2171 605 2251 significatio,
616 2174 722 2253 hisque
731 2170 993 2234 accommodatum

79 2275 368 2337 medicamentorum
381 2275 532 2353 pretinm,
545 2271 738 2354 differebant.
747 2270 889 2352 Injuncto
901 2272 993 2351 igitur

80 2377 165 2436 nabis
186 2394 208 2434 a
227 2374 363 2434 Summis
385 2373 614 2453 Magistratibus
635 2376 752 2436 muneri
773 2373 888 2436 codicis
909 2390 1004 2456 com-4

80 2475 221 2556 parandi
239 2476 504 2554 pharmaceutici,
533 2474 588 2555 qui
616 2488 645 2536 et
675 2494 767 2556 scapo
788 2489 817 2536 et
836 2475 994 2537 doctrinae

81 2597 182 2638 rerum
205 2574 395 2634 naturalium
416 2575 459 2634 ad
479 2573 560 2636 diem
582 2597 678 2657 usque
691 2575 871 2636 hodiernam
893 2578 996 2638 incre·

80 2690 200 2748 mereto,
226 2676 363 2756 artisque
383 2672 521 2736 medicae
541 2675 687 2755 dignitati
707 2660 910 2757 respondeat,
939 2679 1001 2758 qui«

80 2776 280 2857 simplicitate
300 2777 479 2854 conspicuus
497 2775 678 2856 efficaciora
699 2796 891 2860 nequaquam
907 2783 994 2840 amit·

83 2893 149 2959 tat,
178 2880 253 2959 quin
284 2878 345 2937 imo
378 2871 539 2938 inueterata
571 2881 638 2938 usui
658 2879 993 2962 quaedamconcedat,

80 2979 257 3060 satisfacere
278 2976 455 3040 studuimus.
765 3057 768 3064 Ι

123 3077 421 3157 Plearmasopoeiam
452 3079 647 3140 Berussicam
674 3099 734 3161 pro
763 3081 831 3141 basi
860 3082 994 3157 habere,

80 3191 145 3237 tam
166 3181 266 3256 aperis
288 3178 375 3236 istius
393 3180 606 3258 praestantia,
626 3199 717 3260 qttam
733 3181 907 3260 familiaris
919 3185 993 3261 jum

81 3297 155 3337 usus
177 3277 205 3338 in
226 3277 371 3337 maxima
386 3279 480 3362 Regni
496 3292 587 3360 parte
610 3279 815 3360 imperabant,·
837 3301 934 3362 neque
947 3295 995 3345 ta·

79 3398 151 3440 men
183 3357 432 3451 Clarissimoium
465 3382 633 3440 Auctarium
656 3379 991 3462 Pharmacopoeiarum

78 3477 306 3550 recentiorum,
326 3476 478 3558 imprimis
499 3477 677 3558 Ruthenae,
702 3477 849 3560 Batavus,
880 3481 994 3542 Londi-

80 3578 205 3652 nensis',
240 3574 490 3659 Edinburgensis,
524 3598 579 3639 nec
611 3581 711 3640 ntittus
743 3579 992 3664 Trommsdorfii,
