2418 4152
245 267 312 345 158
543 317 546 328 ·
580 290 801 340 rutrrsrtrt

318 407 445 488 Spiritus
466 402 627 465 Frumenti
648 415 746 484 partes
767 403 935 466 duodecim.

397 503 471 572 Post
485 501 715 564 macerationem
731 525 783 586 per
802 503 892 564 horus
913 522 966 564 sex
985 502 1078 576 cols,
1107 516 1140 562 et

356 609 385 664 in
400 623 469 664 vose
491 600 684 664 destillatorio
697 601 808 664 idoneo
822 603 888 686 lege
909 600 981 664 artis
992 599 1137 664 rectifieo.

315 705 410 765 Notm
424 702 490 767 Vas
511 703 668 762 unciarum
687 701 790 764 decem
817 707 927 784 Aqttae
945 719 1052 782 capax
1080 722 1141 762 un·

417 802 474 862 ciis
502 819 604 862 norem
625 797 754 881 Spiritus
779 801 812 858 V
811 802 855 860 ini
884 802 943 861 rite
977 799 1138 879 recufioati

418 900 578 979 repleatur.

320 1119 504 1182 srtntrus
525 1117 612 1184 vrrtt
626 1073 1057 1182 necrrrrmrrsstuus.

319 1301 444 1382 Spiritus
464 1297 533 1360 Vini
554 1295 732 1360 rectificutus
751 1300 860 1359 iterum
881 1295 1051 1359 remissiore
1077 1295 1139 1356 bul·

356 1400 404 1458 nei
438 1417 546 1458 arenae
573 1396 673 1458 colore
703 1407 765 1457 tom
795 1397 847 1457 diu
876 1396 1028 1470 destillet,
1046 1415 1138 1477 quom

357 1499 553 1580 gossypium,
582 1495 691 1578 Spiritu
721 1493 850 1558 stillante
879 1493 1079 1556 madefactum
1108 1509 1139 1556 st

358 1615 539 1677 accensum,
570 1609 640 1678 post
669 1595 796 1678 Spiritus
827 1592 1078 1678 deflagrationem
1108 1593 1138 1652 in

359 1693 489 1756 cinerem
510 1705 652 1756 vertatur.

277 1797 365 1857 Noto.
388 1794 512 1856 Pondus
531 1793 707 1875 specificam
735 1793 869 1877 Spiritus
893 1795 926 1856 V
925 1795 967 1854 ini
988 1795 1137 1874 rsrtfira·

397 1894 504 1954 tissimi
515 1935 525 1970 ,
556 1913 615 1975 per
645 1895 805 1974 repetitam
833 1893 1066 1956 destillationem
1097 1893 1141 1952 ad

399 1991 561 2055 dimidium
580 1994 801 2073 obtemi,crtius
815 1993 919 2056 unciae
943 1997 1075 2075 qur’rrque
1088 2013 1139 2052 vas

400 2097 558 2156 mutarum
593 2103 648 2156 seu
672 2093 801 2176 Aquae,
821 2111 928 2174 rapam
952 2093 1073 2174 plenius
1093 2114 1140 2152 re·

399 2195 490 2274 plens,
511 2206 556 2254 est
574 2191 646 2273 milo
658 2218 667 2249 .·
693 2212 758 2266 r‚oo
778 2193 897 2272 Aquas.

476 2409 678 2476 SPONGIAE
700 2408 901 2474 CERATAE.

323 2591 470 2674 spongiae
490 2589 625 2651 marinae
646 2601 752 2653 tenues
773 2589 934 2652 mundetur
955 2601 987 2652 et
1016 2590 1142 2654 exsicco·

364 2707 433 2770 tae,
456 2687 671 2771 immerguntur
692 2690 789 2752 Cerae
818 2689 914 2752 flavae
944 2687 1141 2773 liquefactae,

363 2811 398 2850 uo
419 2791 501 2872 prelo
521 2790 635 2852 fortiter
654 2791 875 2874 exprimentur,
896 2789 1001 2852 stubi
1021 2791 1140 2852 refrixe-

365 2894 442 2962 rint,
463 2900 628 2954 serventur.

286 3085 454 3151 STIBIUM
468 3089 708 3152 OXYDATUM
730 3090 869 3150 ALBUM
891 3085 1100 3154 ABLUTUM.

361 3228 530 3308 (Orydum
550 3229 641 3290 Stibii
662 3241 836 3309 potasseum
856 3220 1030 3306 ablumm.)

327 3387 426 3450 stibio
447 3387 579 3472 osydeto
598 3388 668 3450 slbo
688 3405 749 3450 non
770 3385 893 3467 abluto,
914 3386 953 3448 de
973 3405 1036 3470 quo
1054 3385 1141 3468 inlr-s,

371 3487 504 3550 aliunde
535 3489 639 3570 Aquae
679 3487 809 3550 fervidus
839 3481 1031 3570 decuplum3'
1052 3494 1142 3573 agito,

370 3603 406 3650 ut
426 3588 577 3652 solvantur
597 3588 669 3652 solie
689 3589 729 3654 illi
750 3588 958 3664 adhaerentia
978 3588 1088 3652 instilla
