<?xml version="1.0" encoding="UTF-8"?>
<!DOCTYPE html PUBLIC "-//W3C//DTD XHTML 1.0 Transitional//EN"
    "http://www.w3.org/TR/xhtml1/DTD/xhtml1-transitional.dtd">
<html xmlns="http://www.w3.org/1999/xhtml" xml:lang="en" lang="en">
 <head>
  <title>
</title>
<meta http-equiv="Content-Type" content="text/html;charset=utf-8" />
  <meta name='ocr-system' content='tesseract 3.04.00' />
  <meta name='ocr-capabilities' content='ocr_page ocr_carea ocr_par ocr_line ocrx_word'/>
</head>
<body>
  <div class='ocr_page' id='page_1' title='image "./pharmacopoeiare00unkngoog_0086.png"; bbox 0 0 2420 4154; ppageno 0'>
   <div class='ocr_carea' id='block_1_1' title="bbox 383 287 962 387">
    <p class='ocr_par' dir='ltr' id='par_1_1' title="bbox 383 287 962 387">
     <span class='ocr_line' id='line_1_1' title="bbox 383 287 962 387; baseline 0.003 -27"><span class='ocrx_word' id='word_1_1' title='bbox 383 313 429 360; x_wconf 53' lang='lat' dir='ltr'><strong>‘nr</strong></span> <span class='ocrx_word' id='word_1_2' title='bbox 455 311 652 362; x_wconf 77' lang='lat' dir='ltr'><strong>conrosrrn</strong></span> <span class='ocrx_word' id='word_1_3' title='bbox 913 287 962 387; x_wconf 86' lang='lat'><strong>95</strong></span> 
     </span>
    </p>
   </div>
   <div class='ocr_carea' id='block_1_2' title="bbox 57 403 967 1113">
    <p class='ocr_par' dir='ltr' id='par_1_2' title="bbox 57 403 967 1113">
     <span class='ocr_line' id='line_1_2' title="bbox 57 403 743 509; baseline -0.004 -20"><span class='ocrx_word' id='word_1_4' title='bbox 57 403 63 412; x_wconf 82' lang='lat'>.</span> <span class='ocrx_word' id='word_1_5' title='bbox 146 430 311 509; x_wconf 81' lang='lat' dir='ltr'>Argentum</span> <span class='ocrx_word' id='word_1_6' title='bbox 334 424 473 486; x_wconf 86' lang='lat' dir='ltr'><strong>uitricum</strong></span> <span class='ocrx_word' id='word_1_7' title='bbox 495 446 573 508; x_wconf 89' lang='lat' dir='ltr'><strong>aqua</strong></span> <span class='ocrx_word' id='word_1_8' title='bbox 594 426 743 496; x_wconf 84' lang='lat' dir='ltr'><strong>solutum,</strong></span> 
     </span>
     <span class='ocr_line' id='line_1_3' title="bbox 228 523 967 610; baseline -0.004 -21"><span class='ocrx_word' id='word_1_9' title='bbox 228 525 373 610; x_wconf 81' lang='lat' dir='ltr'><strong>quamdiu</strong></span> <span class='ocrx_word' id='word_1_10' title='bbox 394 525 466 588; x_wconf 89' lang='lat' dir='ltr'><strong>inde</strong></span> <span class='ocrx_word' id='word_1_11' title='bbox 486 523 521 588; x_wconf 82' lang='lat' dir='ltr'><strong>lit</strong></span> <span class='ocrx_word' id='word_1_12' title='bbox 543 523 707 588; x_wconf 90' lang='lat' dir='ltr'><strong>turbidum.</strong></span> <span class='ocrx_word' id='word_1_13' title='bbox 722 525 893 608; x_wconf 85' lang='lat' dir='ltr'><strong>Seponetur</strong></span> <span class='ocrx_word' id='word_1_14' title='bbox 913 545 967 608; x_wconf 87' lang='lat' dir='ltr'><strong>per</strong></span> 
     </span>
     <span class='ocr_line' id='line_1_4' title="bbox 187 623 966 710; baseline 0.001 -23"><span class='ocrx_word' id='word_1_15' title='bbox 187 627 303 710; x_wconf 78' lang='lat' dir='ltr'>aliquot</span> <span class='ocrx_word' id='word_1_16' title='bbox 324 626 400 690; x_wconf 87' lang='lat' dir='ltr'><strong>dies.</strong></span> <span class='ocrx_word' id='word_1_17' title='bbox 433 627 515 688; x_wconf 83' lang='lat' dir='ltr'><strong>Tum</strong></span> <span class='ocrx_word' id='word_1_18' title='bbox 549 628 694 708; x_wconf 83' lang='lat' dir='ltr'><strong>liquorem</strong></span> <span class='ocrx_word' id='word_1_19' title='bbox 726 626 885 710; x_wconf 91' lang='lat' dir='ltr'><strong>limpidum</strong></span> <span class='ocrx_word' id='word_1_20' title='bbox 910 623 966 688; x_wconf 88' lang='lat' dir='ltr'><strong>de-</strong></span> 
     </span>
     <span class='ocr_line' id='line_1_5' title="bbox 187 725 967 811; baseline 0.001 -21"><span class='ocrx_word' id='word_1_21' title='bbox 187 745 296 807; x_wconf 81' lang='lat' dir='ltr'><strong>canta,</strong></span> <span class='ocrx_word' id='word_1_22' title='bbox 324 739 355 791; x_wconf 86' lang='lat' dir='ltr'><strong>et</strong></span> <span class='ocrx_word' id='word_1_23' title='bbox 375 749 392 792; x_wconf 85' lang='lat' dir='ltr'><strong>e</strong></span> <span class='ocrx_word' id='word_1_24' title='bbox 413 740 526 792; x_wconf 80' lang='lat' dir='ltr'><strong>resona</strong></span> <span class='ocrx_word' id='word_1_25' title='bbox 537 774 548 811; x_wconf 89' lang='lat'><strong><em>,</em></strong></span> <span class='ocrx_word' id='word_1_26' title='bbox 580 729 644 791; x_wconf 86' lang='lat' dir='ltr'><strong>lere</strong></span> <span class='ocrx_word' id='word_1_27' title='bbox 671 727 711 790; x_wconf 84' lang='lat' dir='ltr'><strong>ed</strong></span> <span class='ocrx_word' id='word_1_28' title='bbox 730 726 842 790; x_wconf 77' lang='lat' dir='ltr'><strong>siceum</strong></span> <span class='ocrx_word' id='word_1_29' title='bbox 862 725 967 791; x_wconf 79' lang='lat' dir='ltr'><strong>destil-</strong></span> 
     </span>
     <span class='ocr_line' id='line_1_6' title="bbox 188 827 485 902; baseline 0.003 -13"><span class='ocrx_word' id='word_1_30' title='bbox 188 831 299 902; x_wconf 80' lang='lat' dir='ltr'><strong>lendo,</strong></span> <span class='ocrx_word' id='word_1_31' title='bbox 320 827 459 892; x_wconf 81' lang='lat' dir='ltr'><strong>rectidcn.</strong></span> <span class='ocrx_word' id='word_1_32' title='bbox 483 871 485 878; x_wconf 42' lang='grc' dir='ltr'><strong><em>ι</em></strong></span> 
     </span>
     <span class='ocr_line' id='line_1_7' title="bbox 103 929 967 1010; baseline -0.002 -19"><span class='ocrx_word' id='word_1_33' title='bbox 103 933 192 992; x_wconf 83' lang='lat' dir='ltr'><strong>Nota.</strong></span> <span class='ocrx_word' id='word_1_34' title='bbox 216 931 340 991; x_wconf 81' lang='lat' dir='ltr'><strong>Pondus</strong></span> <span class='ocrx_word' id='word_1_35' title='bbox 360 931 537 1010; x_wconf 81' lang='lat' dir='ltr'><strong>specifioum</strong></span> <span class='ocrx_word' id='word_1_36' title='bbox 557 932 654 994; x_wconf 66' lang='lat' dir='ltr'><strong>Aetati</strong></span> <span class='ocrx_word' id='word_1_37' title='bbox 673 932 777 992; x_wconf 83' lang='lat' dir='ltr'><strong>nitrics&#39;</strong></span> <span class='ocrx_word' id='word_1_38' title='bbox 795 931 856 990; x_wconf 82' lang='lat' dir='ltr'><strong>boc</strong></span> <span class='ocrx_word' id='word_1_39' title='bbox 875 929 967 990; x_wconf 85' lang='lat' dir='ltr'><strong>modo</strong></span> 
     </span>
     <span class='ocr_line' id='line_1_8' title="bbox 224 1031 854 1113; baseline 0.002 -22"><span class='ocrx_word' id='word_1_40' title='bbox 224 1031 337 1092; x_wconf 73' lang='lat' dir='ltr'><strong>obtenti</strong></span> <span class='ocrx_word' id='word_1_41' title='bbox 357 1043 401 1092; x_wconf 83' lang='lat' dir='ltr'><strong>est</strong></span> <span class='ocrx_word' id='word_1_42' title='bbox 425 1055 460 1082; x_wconf 61' lang='grc' dir='ltr'><strong>ε</strong></span> <span class='ocrx_word' id='word_1_43' title='bbox 488 1031 594 1109; x_wconf 73' lang='lat'>1,2502</span> <span class='ocrx_word' id='word_1_44' title='bbox 620 1049 706 1106; x_wconf 59' lang='lat'>13000</span> <span class='ocrx_word' id='word_1_45' title='bbox 728 1039 854 1113; x_wconf 65' lang='lat' dir='ltr'><strong>Aquae</strong></span> 
     </span>
    </p>
   </div>
   <div class='ocr_carea' id='block_1_3' title="bbox 119 1189 912 1456">
    <p class='ocr_par' dir='ltr' id='par_1_3' title="bbox 119 1189 912 1456">
     <span class='ocr_line' id='line_1_9' title="bbox 119 1189 912 1298; baseline -0.003 -4"><span class='ocrx_word' id='word_1_46' title='bbox 119 1231 283 1294; x_wconf 79' lang='lat' dir='ltr'><strong>acinon</strong></span> <span class='ocrx_word' id='word_1_47' title='bbox 304 1231 632 1298; x_wconf 80' lang='lat' dir='ltr'><strong>ruosrnomcmr</strong></span> <span class='ocrx_word' id='word_1_48' title='bbox 652 1189 712 1294; x_wconf 81' lang='lat' dir='ltr'><strong>nx</strong></span> <span class='ocrx_word' id='word_1_49' title='bbox 733 1230 912 1295; x_wconf 86' lang='lat' dir='ltr'><strong>ossmns.</strong></span> 
     </span>
     <span class='ocr_line' id='line_1_10' title="bbox 170 1366 737 1456; baseline -0.018 -12"><span class='ocrx_word' id='word_1_50' title='bbox 170 1367 173 1390; x_wconf 75' lang='lat'><strong>¹</strong></span> <span class='ocrx_word' id='word_1_51' title='bbox 245 1366 250 1375; x_wconf 50' lang='lat'><strong>¹</strong></span> <span class='ocrx_word' id='word_1_52' title='bbox 299 1373 572 1456; x_wconf 80' lang='lat' dir='ltr'><strong>(Superplrospbas</strong></span> <span class='ocrx_word' id='word_1_53' title='bbox 597 1371 737 1454; x_wconf 76' lang='lat' dir='ltr'><strong>Calcis).</strong></span> 
     </span>
    </p>
   </div>
   <div class='ocr_carea' id='block_1_4' title="bbox 61 1532 969 2418">
    <p class='ocr_par' dir='ltr' id='par_1_4' title="bbox 61 1532 969 2418">
     <span class='ocr_line' id='line_1_11' title="bbox 61 1532 969 1612; baseline 0 -18"><span class='ocrx_word' id='word_1_54' title='bbox 61 1536 100 1596; x_wconf 88' lang='lat' dir='ltr'><strong>R.</strong></span> <span class='ocrx_word' id='word_1_55' title='bbox 146 1535 248 1596; x_wconf 86' lang='lat' dir='ltr'><strong>Cornu</strong></span> <span class='ocrx_word' id='word_1_56' title='bbox 270 1535 379 1607; x_wconf 81' lang='lat' dir='ltr'><strong>Cerri,</strong></span> <span class='ocrx_word' id='word_1_57' title='bbox 404 1547 457 1595; x_wconf 89' lang='lat' dir='ltr'><strong>aut</strong></span> <span class='ocrx_word' id='word_1_58' title='bbox 478 1532 604 1596; x_wconf 83' lang='lat' dir='ltr'><strong>aliorum</strong></span> <span class='ocrx_word' id='word_1_59' title='bbox 625 1535 768 1612; x_wconf 73' lang='lat' dir='ltr'><strong>Ostium,</strong></span> <span class='ocrx_word' id='word_1_60' title='bbox 801 1532 969 1594; x_wconf 84' lang='lat' dir='ltr'><strong>adalbedi·</strong></span> 
     </span>
     <span class='ocr_line' id='line_1_12' title="bbox 190 1634 715 1717; baseline 0.002 -22"><span class='ocrx_word' id='word_1_61' title='bbox 190 1655 259 1696; x_wconf 90' lang='lat' dir='ltr'><strong>nem</strong></span> <span class='ocrx_word' id='word_1_62' title='bbox 281 1647 435 1716; x_wconf 82' lang='lat' dir='ltr'><strong>ustorum,</strong></span> <span class='ocrx_word' id='word_1_63' title='bbox 456 1635 544 1696; x_wconf 82' lang='lat' dir='ltr'><strong>libras</strong></span> <span class='ocrx_word' id='word_1_64' title='bbox 565 1634 715 1717; x_wconf 81' lang='lat' dir='ltr'><strong>quinque,</strong></span> 
     </span>
     <span class='ocr_line' id='line_1_13' title="bbox 201 1733 776 1817; baseline 0.002 -23"><span class='ocrx_word' id='word_1_65' title='bbox 201 1801 205 1810; x_wconf 77' lang='lat'><em>,</em></span> <span class='ocrx_word' id='word_1_66' title='bbox 231 1733 419 1796; x_wconf 78' lang='lat' dir='ltr'><strong>subtilissime</strong></span> <span class='ocrx_word' id='word_1_67' title='bbox 440 1734 601 1817; x_wconf 84' lang='lat' dir='ltr'><strong>pulveratis</strong></span> <span class='ocrx_word' id='word_1_68' title='bbox 621 1736 698 1796; x_wconf 84' lang='lat' dir='ltr'><strong>adde</strong></span> <span class='ocrx_word' id='word_1_69' title='bbox 770 1771 776 1782; x_wconf 90' lang='lat'><strong>·</strong></span> 
     </span>
     <span class='ocr_line' id='line_1_14' title="bbox 147 1833 824 1918; baseline 0 -22"><span class='ocrx_word' id='word_1_70' title='bbox 147 1835 230 1897; x_wconf 82' lang='lat' dir='ltr'><strong>Acidi</strong></span> <span class='ocrx_word' id='word_1_71' title='bbox 251 1834 408 1918; x_wconf 86' lang='lat' dir='ltr'><strong>sulpbnrici</strong></span> <span class='ocrx_word' id='word_1_72' title='bbox 430 1837 613 1895; x_wconf 85' lang='lat' dir='ltr'><strong>concentroti</strong></span> <span class='ocrx_word' id='word_1_73' title='bbox 634 1833 725 1896; x_wconf 81' lang='lat' dir='ltr'><strong>libras</strong></span> <span class='ocrx_word' id='word_1_74' title='bbox 745 1846 824 1908; x_wconf 86' lang='lat' dir='ltr'><strong>tres,</strong></span> 
     </span>
     <span class='ocr_line' id='line_1_15' title="bbox 145 1932 755 2018; baseline 0 -20"><span class='ocrx_word' id='word_1_75' title='bbox 145 1939 254 2018; x_wconf 80' lang='lat' dir='ltr'><strong>Aquae</strong></span> <span class='ocrx_word' id='word_1_76' title='bbox 273 1933 441 2010; x_wconf 81' lang='lat' dir='ltr'><strong>communis</strong></span> <span class='ocrx_word' id='word_1_77' title='bbox 459 1932 543 1996; x_wconf 85' lang='lat' dir='ltr'><strong>libris</strong></span> <span class='ocrx_word' id='word_1_78' title='bbox 566 1937 684 2016; x_wconf 75' lang='lat' dir='ltr'><strong>triginta</strong></span> <span class='ocrx_word' id='word_1_79' title='bbox 752 1990 755 1998; x_wconf 29' lang='lat'><em>1</em></span> 
     </span>
     <span class='ocr_line' id='line_1_16' title="bbox 230 2034 967 2118; baseline -0.001 -21"><span class='ocrx_word' id='word_1_80' title='bbox 230 2035 349 2097; x_wconf 83' lang='lat' dir='ltr'><strong>dilutus.</strong></span> <span class='ocrx_word' id='word_1_81' title='bbox 369 2035 521 2097; x_wconf 85' lang='lat' dir='ltr'><strong>Ebulliant</strong></span> <span class='ocrx_word' id='word_1_82' title='bbox 543 2034 651 2097; x_wconf 84' lang='lat' dir='ltr'><strong>leniter</strong></span> <span class='ocrx_word' id='word_1_83' title='bbox 670 2056 726 2118; x_wconf 89' lang='lat' dir='ltr'><strong>per</strong></span> <span class='ocrx_word' id='word_1_84' title='bbox 745 2036 850 2096; x_wconf 88' lang='lat' dir='ltr'><strong>horam</strong></span> <span class='ocrx_word' id='word_1_85' title='bbox 872 2038 901 2095; x_wconf 90' lang='lat' dir='ltr'><strong>in</strong></span> <span class='ocrx_word' id='word_1_86' title='bbox 923 2035 967 2096; x_wconf 85' lang='lat' dir='ltr'><strong>le·</strong></span> 
     </span>
     <span class='ocr_line' id='line_1_17' title="bbox 187 2131 969 2216; baseline 0 -20"><span class='ocrx_word' id='word_1_87' title='bbox 187 2136 258 2197; x_wconf 88' lang='lat' dir='ltr'><strong>bete</strong></span> <span class='ocrx_word' id='word_1_88' title='bbox 280 2149 423 2214; x_wconf 77' lang='lat' dir='ltr'><strong>stanneo,</strong></span> <span class='ocrx_word' id='word_1_89' title='bbox 441 2131 500 2196; x_wconf 85' lang='lat' dir='ltr'><strong>¹sub</strong></span> <span class='ocrx_word' id='word_1_90' title='bbox 514 2131 658 2196; x_wconf 87' lang='lat' dir='ltr'><strong>continua</strong></span> <span class='ocrx_word' id='word_1_91' title='bbox 673 2131 846 2216; x_wconf 80' lang='lat' dir='ltr'><strong>agitatione.</strong></span> <span class='ocrx_word' id='word_1_92' title='bbox 861 2133 969 2216; x_wconf 84' lang='lat' dir='ltr'><strong>biquo·</strong></span> 
     </span>
     <span class='ocr_line' id='line_1_18' title="bbox 188 2232 967 2318; baseline 0 -21"><span class='ocrx_word' id='word_1_93' title='bbox 188 2255 254 2298; x_wconf 88' lang='lat' dir='ltr'><strong>rem</strong></span> <span class='ocrx_word' id='word_1_94' title='bbox 275 2255 334 2317; x_wconf 89' lang='lat' dir='ltr'><strong>ope</strong></span> <span class='ocrx_word' id='word_1_95' title='bbox 355 2235 430 2318; x_wconf 87' lang='lat' dir='ltr'><strong>preli</strong></span> <span class='ocrx_word' id='word_1_96' title='bbox 444 2248 613 2318; x_wconf 81' lang='lat' dir='ltr'><strong>separatum</strong></span> <span class='ocrx_word' id='word_1_97' title='bbox 628 2250 659 2298; x_wconf 88' lang='lat' dir='ltr'><strong>et</strong></span> <span class='ocrx_word' id='word_1_98' title='bbox 670 2235 804 2298; x_wconf 86' lang='lat' dir='ltr'><strong>colatum</strong></span> <span class='ocrx_word' id='word_1_99' title='bbox 819 2235 856 2296; x_wconf 84' lang='lat' dir='ltr'><strong>ad</strong></span> <span class='ocrx_word' id='word_1_100' title='bbox 871 2232 967 2297; x_wconf 88' lang='lat' dir='ltr'><strong>mellis</strong></span> 
     </span>
     <span class='ocr_line' id='line_1_19' title="bbox 191 2334 573 2418; baseline 0.003 -21"><span class='ocrx_word' id='word_1_101' title='bbox 191 2334 412 2418; x_wconf 77' lang='lat' dir='ltr'><strong>spissitudinem</strong></span> <span class='ocrx_word' id='word_1_102' title='bbox 434 2355 573 2417; x_wconf 75' lang='lat' dir='ltr'><strong>evaporat.</strong></span> 
     </span>
    </p>
   </div>
   <div class='ocr_carea' id='block_1_5' title="bbox 262 2557 775 2620">
    <p class='ocr_par' dir='ltr' id='par_1_5' title="bbox 262 2557 775 2620">
     <span class='ocr_line' id='line_1_20' title="bbox 262 2557 775 2620; baseline -0.004 -3"><span class='ocrx_word' id='word_1_103' title='bbox 262 2557 423 2620; x_wconf 80' lang='lat' dir='ltr'><strong>nctnnnt</strong></span> <span class='ocrx_word' id='word_1_104' title='bbox 444 2557 775 2618; x_wconf 83' lang='lat' dir='ltr'>PHOSPHORICUM.</span> 
     </span>
    </p>
   </div>
   <div class='ocr_carea' id='block_1_6' title="bbox 64 2738 969 3024">
    <p class='ocr_par' dir='ltr' id='par_1_6' title="bbox 64 2738 969 3024">
     <span class='ocr_line' id='line_1_21' title="bbox 64 2738 642 2822; baseline -0.01 -20"><span class='ocrx_word' id='word_1_105' title='bbox 64 2744 102 2803; x_wconf 91' lang='lat' dir='ltr'><strong>R.</strong></span> <span class='ocrx_word' id='word_1_106' title='bbox 146 2738 231 2802; x_wconf 83' lang='lat' dir='ltr'><strong>Acidi</strong></span> <span class='ocrx_word' id='word_1_107' title='bbox 253 2741 347 2801; x_wconf 87' lang='lat' dir='ltr'><strong>uitrici</strong></span> <span class='ocrx_word' id='word_1_108' title='bbox 368 2749 514 2822; x_wconf 80' lang='lat' dir='ltr'><strong>quantum</strong></span> <span class='ocrx_word' id='word_1_109' title='bbox 537 2739 642 2820; x_wconf 81' lang='lat' dir='ltr'><strong>placet.</strong></span> 
     </span>
     <span class='ocr_line' id='line_1_22' title="bbox 230 2836 969 2902; baseline -0.004 0"><span class='ocrx_word' id='word_1_110' title='bbox 230 2843 264 2902; x_wconf 93' lang='lat' dir='ltr'><strong>ln</strong></span> <span class='ocrx_word' id='word_1_111' title='bbox 286 2840 442 2902; x_wconf 83' lang='lat' dir='ltr'><strong>cucurbita</strong></span> <span class='ocrx_word' id='word_1_112' title='bbox 461 2838 556 2901; x_wconf 83' lang='lat' dir='ltr'><strong>vitrea</strong></span> <span class='ocrx_word' id='word_1_113' title='bbox 587 2841 626 2901; x_wconf 87' lang='lat' dir='ltr'><strong>ad</strong></span> <span class='ocrx_word' id='word_1_114' title='bbox 645 2840 743 2902; x_wconf 90' lang='lat' dir='ltr'><strong>lenem</strong></span> <span class='ocrx_word' id='word_1_115' title='bbox 765 2836 969 2902; x_wconf 86' lang='lat' dir='ltr'><strong>ebullitionem</strong></span> 
     </span>
     <span class='ocr_line' id='line_1_23' title="bbox 191 2940 915 3024; baseline -0.001 -22"><span class='ocrx_word' id='word_1_116' title='bbox 191 2962 287 3024; x_wconf 85' lang='lat' dir='ltr'><strong>nsque</strong></span> <span class='ocrx_word' id='word_1_117' title='bbox 310 2941 474 3020; x_wconf 84' lang='lat' dir='ltr'><strong>calefacto,</strong></span> <span class='ocrx_word' id='word_1_118' title='bbox 495 2940 621 3002; x_wconf 82' lang='lat' dir='ltr'><strong>immitte</strong></span> <span class='ocrx_word' id='word_1_119' title='bbox 643 2941 751 3004; x_wconf 84' lang='lat' dir='ltr'><strong>sensim</strong></span> <span class='ocrx_word' id='word_1_120' title='bbox 772 2963 807 3002; x_wconf 88' lang='lat' dir='ltr'><strong>uc</strong></span> <span class='ocrx_word' id='word_1_121' title='bbox 828 2953 915 3002; x_wconf 88' lang='lat' dir='ltr'><strong>caute</strong></span> 
     </span>
    </p>
   </div>
   <div class='ocr_carea' id='block_1_7' title="bbox 150 3043 984 3222">
    <p class='ocr_par' dir='ltr' id='par_1_7' title="bbox 150 3043 984 3222">
     <span class='ocr_line' id='line_1_24' title="bbox 150 3043 984 3135; baseline -0.005 -31"><span class='ocrx_word' id='word_1_122' title='bbox 150 3043 317 3124; x_wconf 81' lang='lat' dir='ltr'><strong>Phosphori</strong></span> <span class='ocrx_word' id='word_1_123' title='bbox 864 3107 866 3112; x_wconf 58' lang='grc'>,</span> <span class='ocrx_word' id='word_1_124' title='bbox 983 3130 984 3135; x_wconf 11' lang='lat'>¹</span> 
     </span>
     <span class='ocr_line' id='line_1_25' title="bbox 228 3139 969 3222; baseline -0.001 -22"><span class='ocrx_word' id='word_1_125' title='bbox 228 3139 356 3202; x_wconf 86' lang='lat' dir='ltr'><strong>frustula</strong></span> <span class='ocrx_word' id='word_1_126' title='bbox 377 3141 509 3216; x_wconf 89' lang='lat' dir='ltr'><strong>minora,</strong></span> <span class='ocrx_word' id='word_1_127' title='bbox 541 3161 666 3222; x_wconf 77' lang='lat' dir='ltr'><strong>granum</strong></span> <span class='ocrx_word' id='word_1_128' title='bbox 687 3161 780 3202; x_wconf 88' lang='lat' dir='ltr'><strong>unum</strong></span> <span class='ocrx_word' id='word_1_129' title='bbox 802 3141 969 3202; x_wconf 79' lang='lat' dir='ltr'><strong>alterumve</strong></span> 
     </span>
    </p>
   </div>
   <div class='ocr_carea' id='block_1_8' title="bbox 187 3241 969 3524">
    <p class='ocr_par' dir='ltr' id='par_1_8' title="bbox 187 3241 969 3524">
     <span class='ocr_line' id='line_1_26' title="bbox 190 3241 969 3323; baseline -0.004 -21"><span class='ocrx_word' id='word_1_130' title='bbox 190 3263 250 3303; x_wconf 93' lang='lat' dir='ltr'><strong>non</strong></span> <span class='ocrx_word' id='word_1_131' title='bbox 275 3241 469 3315; x_wconf 79' lang='lat' dir='ltr'><strong>excedentia,</strong></span> <span class='ocrx_word' id='word_1_132' title='bbox 502 3244 649 3323; x_wconf 82' lang='lat' dir='ltr'><strong>quantum</strong></span> <span class='ocrx_word' id='word_1_133' title='bbox 682 3242 798 3304; x_wconf 81' lang='lat' dir='ltr'><strong>acidum</strong></span> <span class='ocrx_word' id='word_1_134' title='bbox 830 3243 969 3302; x_wconf 89' lang='lat' dir='ltr'><strong>uitricum</strong></span> 
     </span>
     <span class='ocr_line' id='line_1_27' title="bbox 190 3336 968 3424; baseline -0.001 -22"><span class='ocrx_word' id='word_1_135' title='bbox 190 3336 370 3422; x_wconf 85' lang='lat' dir='ltr'><strong>oxydatione</strong></span> <span class='ocrx_word' id='word_1_136' title='bbox 381 3361 557 3404; x_wconf 82' lang='lat' dir='ltr'><strong>consumere</strong></span> <span class='ocrx_word' id='word_1_137' title='bbox 573 3339 662 3403; x_wconf 85' lang='lat' dir='ltr'><strong>valet.</strong></span> <span class='ocrx_word' id='word_1_138' title='bbox 677 3341 841 3424; x_wconf 89' lang='lat' dir='ltr'><strong>Liquidum</strong></span> <span class='ocrx_word' id='word_1_139' title='bbox 854 3357 968 3404; x_wconf 89' lang='lat' dir='ltr'><strong>restans</strong></span> 
     </span>
     <span class='ocr_line' id='line_1_28' title="bbox 187 3438 969 3524; baseline 0.001 -25"><span class='ocrx_word' id='word_1_140' title='bbox 187 3441 226 3500; x_wconf 81' lang='lat' dir='ltr'><strong>ud</strong></span> <span class='ocrx_word' id='word_1_141' title='bbox 248 3438 466 3522; x_wconf 84' lang='lat' dir='ltr'><strong>spissitudinem</strong></span> <span class='ocrx_word' id='word_1_142' title='bbox 487 3441 618 3500; x_wconf 82' lang='lat' dir='ltr'><strong>oleosum</strong></span> <span class='ocrx_word' id='word_1_143' title='bbox 639 3461 795 3524; x_wconf 70' lang='lat' dir='ltr'><strong>evaporat·</strong></span> <span class='ocrx_word' id='word_1_144' title='bbox 809 3457 880 3502; x_wconf 86' lang='lat' dir='ltr'><strong>tunc</strong></span> <span class='ocrx_word' id='word_1_145' title='bbox 899 3462 969 3501; x_wconf 89' lang='lat' dir='ltr'><strong>cum</strong></span> 
     </span>
    </p>
   </div>
   <div class='ocr_carea' id='block_1_9' title="bbox 189 3539 1070 3726">
    <p class='ocr_par' dir='ltr' id='par_1_9' title="bbox 189 3539 1070 3726">
     <span class='ocr_line' id='line_1_29' title="bbox 189 3539 1070 3628; baseline 0.001 -28"><span class='ocrx_word' id='word_1_146' title='bbox 189 3541 239 3600; x_wconf 87' lang='lat' dir='ltr'><strong>tali</strong></span> <span class='ocrx_word' id='word_1_147' title='bbox 261 3543 367 3622; x_wconf 82' lang='lat' dir='ltr'><strong>Aquae</strong></span> <span class='ocrx_word' id='word_1_148' title='bbox 386 3540 553 3622; x_wconf 53' lang='lat' dir='ltr'><strong>vastitate</strong></span> <span class='ocrx_word' id='word_1_149' title='bbox 573 3539 677 3624; x_wconf 85' lang='lat' dir='ltr'><strong>dilue,</strong></span> <span class='ocrx_word' id='word_1_150' title='bbox 697 3554 732 3605; x_wconf 92' lang='lat' dir='ltr'><strong>ut</strong></span> <span class='ocrx_word' id='word_1_151' title='bbox 744 3544 863 3626; x_wconf 87' lang='lat' dir='ltr'><strong>pondua</strong></span> <span class='ocrx_word' id='word_1_152' title='bbox 874 3543 968 3604; x_wconf 54' lang='lat' dir='ltr'><strong>‘totius</strong></span> <span class='ocrx_word' id='word_1_153' title='bbox 1000 3624 1001 3628; x_wconf 7' lang='grc' dir='ltr'><strong>Ἰ</strong></span> <span class='ocrx_word' id='word_1_154' title='bbox 1068 3597 1070 3602; x_wconf 89' lang='grc'>,</span> 
     </span>
     <span class='ocr_line' id='line_1_30' title="bbox 192 3640 909 3726; baseline 0.003 -26"><span class='ocrx_word' id='word_1_155' title='bbox 192 3640 319 3722; x_wconf 89' lang='lat' dir='ltr'><strong>decuplo</strong></span> <span class='ocrx_word' id='word_1_156' title='bbox 340 3641 509 3724; x_wconf 87' lang='lat' dir='ltr'><strong>Phosphori</strong></span> <span class='ocrx_word' id='word_1_157' title='bbox 530 3642 701 3724; x_wconf 86' lang='lat' dir='ltr'><strong>consumpti</strong></span> <span class='ocrx_word' id='word_1_158' title='bbox 721 3645 909 3726; x_wconf 86' lang='lat' dir='ltr'><strong>respondeat.</strong></span> 
     </span>
    </p>
   </div>
   <div class='ocr_carea' id='block_1_10' title="bbox 0 0 1214 4154">
    <p class='ocr_par' dir='ltr' id='par_1_10' title="bbox 0 0 1214 4154">
     <span class='ocr_line' id='line_1_31' title="bbox 0 0 1214 4154; baseline 0 0"><span class='ocrx_word' id='word_1_159' title='bbox 0 0 1214 4154; x_wconf 95' lang='lat' dir='ltr'><strong> </strong></span> 
     </span>
    </p>
   </div>
  </div>
 </body>
</html>
