2418 4152
264 391 267 396 ,
394 337 439 382 cr
465 333 663 384 courosrrs
911 311 976 407 147

203 461 355 534 apparent.
377 449 466 512 Tunc
495 466 610 512 remote
636 446 775 533 pellicula
803 447 926 510 effunde
948 447 980 509 in

203 552 323 614 cistulns
343 551 462 634 plenus,
491 570 508 612 e
539 549 653 614 luminis
674 549 776 612 ferreis
795 561 902 613 stanno
923 547 981 609 ob·

202 649 300 713 ductis
315 664 449 734 perstas,
470 669 502 716 et
515 649 649 736 pauxillo
661 648 731 712 otei
746 651 981 734 Amygdnlnrum

202 749 345 814 inunctos.
366 751 486 814 Pastum
518 753 637 816 modico
657 752 756 818 colore
783 749 978 822 exsiccatam,

206 866 236 912 et
255 855 287 911 in
308 853 431 915 taleolas
453 856 593 933 scissam,
615 871 711 916 serva.

384 1067 672 1138 PHOSPHORUS.

77 1253 114 1313 tt
157 1251 243 1313 Aridi
263 1251 456 1337 phosphocici
476 1275 513 1318 ex
534 1255 660 1316 Ossibus
680 1263 779 1336 portes
800 1261 950 1333 quatuor,

165 1347 341 1414 Gerbonum
362 1354 587 1436 pulveratorum
608 1368 725 1436 purtem
746 1345 847 1412 dnum.

242 1452 341 1514 Probe
362 1451 450 1514 misle
472 1466 602 1516 retortae
623 1465 739 1516 terrene
760 1449 902 1514 loricatae
923 1449 981 1511 im-

205 1553 311 1625 mitte,
332 1575 365 1615 os
385 1553 456 1615 colli
477 1574 574 1636 cquae
595 1553 751 1636 immerge,
772 1563 803 1615 et
823 1554 888 1632 igne
903 1550 982 1614 lurni

202 1652 311 1714 anemii
331 1669 454 1736 aperto,
476 1654 621 1736 gradatim
633 1667 724 1717 nocto
744 1677 816 1730 ure,
837 1656 981 1736 quamdiu

203 1774 255 1835 gos
275 1774 470 1836 prorumpere
491 1775 552 1816 non
573 1754 699 1818 desinet.

243 1851 455 1935 Phosphorurn
466 1856 496 1915 in
510 1853 602 1916 fundo
613 1857 794 1937 receptaculi
805 1859 980 1938 collectum,

204 1963 235 2015 et
255 1973 340 2014 succo
361 1953 452 2014 linteo
471 1951 656 2034 immissum,
683 1955 715 2016 in
736 1977 815 2039 nque
836 1958 931 2020 calida
952 1959 983 2018 li·

205 2075 284 2138 qua,
313 2053 494 2130 subradens
515 2057 668 2137 exprime,
699 2076 840 2139 expresso
872 2079 981 2140 aquam
1096 2127 1101 2136 ³

204 2151 340 2236 frigidam
361 2153 571 2236 superinfunde
591 2165 622 2216 et
642 2175 737 2220 servs.
1015 2162 1018 2172 ’

310 2373 512 2436 PLUMBUM
534 2375 758 2441 ACETICUM.

165 2551 347 2614 Sscchnrum
369 2551 489 2615 Saturni
510 2553 642 2617 solvatur
662 2554 695 2617 in
724 2562 810 2639 Aque
837 2530 990 2626 destillutn¹

205 2650 311 2714 calida.
333 2650 471 2715 Solutum
501 2653 630 2716 llltretur
657 2671 688 2720 et
718 2657 787 2720 loco
815 2658 924 2741 frigido
945 2663 984 2722 ad

205 2749 458 2833 crystallisandum
480 2769 650 2836 seponatur.
683 2756 798 2840 Liqnor
828 2779 985 2824 remanens

206 2863 349 2932 evaporet
370 2853 407 2912 ed
431 2852 601 2934 dimidium,
632 2868 666 2917 ut
686 2859 798 2930 ‚denno
830 2860 984 2942 crystallus

207 2949 356 3010 demittat.

342 3169 475 3230 nunus
494 3135 729 3236 ruuuonnu.

167 3347 294 3410 Fructus
314 3347 409 3409 Proui
429 3349 607 3412 domesticae
629 3350 753 3433 maturi,
774 3356 898 3420 exemtis
926 3377 984 3415 nu·

206 3447 296 3522 cleis,
315 3463 484 3530 coquuntur
504 3449 542 3511 ud
563 3451 727 3517 mollitiem.
738 3454 835 3538 Pulpn
848 3476 902 3537 per
922 3458 981 3517 cri·

206 3549 294 3609 brunr
307 3563 456 3612 setsceum
468 3553 588 3632 trejecto
604 3570 747 3636 evaporet
760 3555 798 3616 ad
812 3554 983 3638 requisitam
