2420 4154
376 296 669 350 rntnnrrcrurrcr
925 267 972 344 25

63 516 242 582 CORTEX
264 515 413 578 CHINAE
434 515 578 578 RUBER.
602 513 769 577 Cremona
792 510 900 574 China.

107 679 267 744 Cinchona
288 665 480 761 oblongisolio
500 673 619 738 Mutis?

195 823 307 886 Cortex
328 841 345 880 e
365 819 450 882 fusco
472 813 580 902 ruber,
603 817 688 900 cnjus
710 815 838 880 frustula
865 815 977 898 ponde·

149 921 285 1001 rosione,
308 921 484 1004 plerumque
506 918 596 1008 etiam
618 917 783 998 crassiora,
805 927 976 980 occurrunt.

149 1020 301 1106 Principio
321 1021 455 1084 resinoro
476 1030 507 1082 et
528 1019 729 1104 adstringente
750 1042 822 1106 prae
850 1016 976 1082 coeteris

151 1127 325 1190 Cinchonoe
348 1122 511 1188 corticibus
533 1121 654 1187 eminet.

70 1331 249 1396 CORTEX
270 1327 524 1394 GEOFFRBAE
558 1327 860 1394 SURINAMENSIS.
884 1329 978 1396 Kora

150 1433 377 1516 Snrynamslra.

109 1593 256 1658 Geoffrea
276 1563 398 1656 inerriris
421 1589 568 1657 Swartzii.
592 1593 695 1655 Arbor
716 1593 747 1654 in
768 1591 869 1674 Sylvis
890 1592 978 1655 Sari·

151 1697 275 1756 namiae
285 1697 448 1775 frequens.

193 1835 308 1897 Cortex
330 1854 469 1912 crassus,
490 1833 640 1910 fibrosnr,
661 1847 796 1912 externe,
816 1833 871 1898 nbi
890 1836 979 1901 liche-

151 1935 243 1998 nibus
264 1939 385 1997 cinereis
408 1933 536 2020 tegitur,
560 1957 599 1998 ex
618 1937 702 1999 fusco
732 1935 900 2020 nigricans,
931 1935 979 1998 in·

153 2052 241 2101 terne
274 2039 449 2118 subfuscue,
480 2037 598 2114 odoris,
628 2043 651 2104 si
680 2059 781 2101 recens
809 2049 873 2114 est,
902 2059 979 2100 nau·

154 2138 384 2223 senso-ingrati,
408 2138 521 2224 coporis
543 2139 732 2226 onmricnntis
754 2139 878 2204 austeri.

70 2344 251 2410 conrnx
272 2344 575 2425 onrntronnn
596 2312 870 2409 Miniconrnrr.
886 2343 980 2408 [rora

157 2446 363 2510 Granatowa.

113 2609 231 2672 Punica
250 2608 424 2670 Granatum.
447 2607 559 2681 Achor,
579 2627 659 2691 qnae
680 2610 712 2668 in
726 2621 854 2691 atr-aqna
868 2605 979 2692 India,

157 2710 187 2770 in
211 2709 338 2791 Europa
358 2707 572 2784 meridionali,
592 2725 619 2771 er
641 2711 792 2792 imprimis
812 2711 845 2769 in
866 2697 981 2791 Hispa·

158 2813 214 2872 nia
234 2816 377 2874 nascitur.

202 2953 315 3015 Cortex
335 2952 449 3014 fructus
470 2974 487 3014 e
507 2953 593 3016 fusco
606 2954 732 3034 rubens,
753 2954 921 3033 coriaceus,
943 2955 1002 3018 dn·

157 3072 225 3131 rur,
246 3049 410 3132 inodorus,
434 3051 549 3135 soporis
570 3051 776 3131 amarnantis,
806 3053 894 3118 valde
926 3054 981 3117 ad·

162 3150 339 3236 stringentis.

77 3313 255 3378 CORTEX
276 3310 456 3384 GUAJACI.
478 3315 569 3378 Kora
593 3317 811 3384 Gwaiairowa.

121 3435 292 3518 Guojoenm
314 3433 470 3497 officinale.
492 3437 596 3501 Arbor
615 3437 726 3502 Indiae
747 3439 952 3502 occidentalis.

204 3557 317 3620 Cortex
338 3557 484 3647 lignosus,
505 3558 617 3642 durus,
638 3561 837 3645 ponderans,
857 3559 981 3629 lamellis

119 3658 243 3722 Pnnnrr.
267 3677 361 3718 nnorr
383 3657 536 3720 Pononrrr
883 3663 901 3726 3
925 3729 926 3734 ,
