2418 4152
239 244 306 322 162
573 266 796 318 rannennsrt

353 379 423 445 inde
438 380 640 456 restituendo,
662 401 756 461 usqne
777 379 849 442 dum
869 378 931 440 sera
954 377 1053 440 soluta
1067 377 1133 438 lue·

353 482 420 542 rint.
433 478 557 561 Liquori
578 478 782 562 aqualervida
802 479 896 540 diluto
910 491 942 542 et
962 498 1014 559 per
1036 475 1126 537 char-

353 595 416 640 tam
438 579 559 656 colato,
580 582 748 642 successive
768 579 845 640 arlda

313 677 400 740 scidi
419 676 581 762 sulphurici
601 677 688 740 diluti
709 689 854 760 quantum
872 675 983 740 sufficit

394 777 433 842 ad
454 775 706 860 praecipitandum
731 777 861 860 Sulphur
881 777 1049 848 stibiatunt3
1070 777 1132 836 evi·

352 893 398 942 tes
419 898 490 940 vero
511 879 615 940 sedulo
638 877 699 940 Ges
714 875 1000 960 lrydrothionicum,
1021 873 1053 935 in
1073 875 1131 934 hae

354 979 527 1060 operatione
554 999 716 1060 emergens.
738 978 828 1040 Horis
863 974 964 1058 viginti
999 989 1130 1058 quatuor

295 1103 297 1108 ’
355 1079 482 1160 elapsis,
500 1082 585 1161 Aqua
605 1093 800 1162 supernatans
821 1079 1018 1149 decantetur,
1041 1095 1131 1156 prae·

353 1177 509 1259 cipitutnm
528 1181 616 1261 Aqua
635 1176 736 1259 tepida
757 1177 913 1250 abluatur,
934 1175 1064 1254 deniqne
1088 1173 1128 1234 le-

351 1276 472 1338 nissimo
502 1279 601 1340 calore
630 1282 660 1339 iu
689 1279 757 1340 locu
776 1278 920 1340 umbroso
949 1279 1079 1338 siccetur
1099 1286 1130 1332 et

353 1371 494 1441 serretur.
836 1363 840 1370 ¹

364 1599 549 1660 sunrnun
571 1569 794 1663 smnnrun
814 1598 991 1660 nonnum.

231 1779 267 1839 R.
311 1776 398 1840 Stibii
419 1780 583 1861 sulphurati
603 1778 680 1861 nigri
701 1778 790 1842 libras
810 1779 913 1850 duas,

310 1877 394 1942 Natri
415 1878 564 1940 carbonici
586 1877 688 1942 siccati
709 1881 814 1943 libram
835 1899 937 1940 uuam.

390 1977 551 2040 Pulvarata
570 1989 601 2040 et
622 1980 714 2040 mixta
747 1978 900 2061 liqneliaut
920 1976 952 2038 in
972 1974 1126 2038 crucibulo

351 2085 456 2156 teuto,
479 2075 545 2158 igne
566 2078 734 2140 moderato.
763 2079 894 2142 Massam
918 2076 1059 2138 iluentem
1080 2073 1126 2132 al-

255 2215 267 2226 ,
350 2175 461 2257 tunde,
477 2175 679 2260 refrigeratam
693 2177 841 2259 pulverisa
853 2221 862 2250 ,
876 2180 980 2258 Aquae
995 2173 1126 2236 fervidae

349 2272 497 2353 immitte,
517 2288 547 2337 at
569 2298 622 2358 per
649 2278 742 2340 horae
763 2278 957 2358 quadrantem
987 2274 1126 2358 spathula

348 2378 489 2438 continue
502 2379 670 2458 movendo,
684 2378 828 2458 decoque.
842 2375 1005 2458 Liquorem
1017 2379 1123 2438 etiam·

349 2497 422 2540 uum
444 2477 589 2540 fervidum
622 2476 712 2540 filtra.
733 2476 950 2558 Refrigeratum
971 2497 990 2536 a
1010 2475 1124 2558 praeci·

351 2579 446 2656 pitato
467 2590 573 2658 sponte
593 2591 666 2640 nato
685 2575 758 2638 filtri
793 2596 851 2658 ope
872 2595 998 2658 separa,
1027 2573 1125 2638 stibio

350 2678 469 2738 residuo
499 2675 674 2752 reaffuude,
706 2675 808 2740 addita
838 2698 933 2758 aquae
963 2677 1124 2758 portione,

351 2777 451 2838 denuo
464 2797 517 2860 per
537 2777 733 2860 quadrantem
746 2777 840 2840 horae
860 2785 1001 2860 coqneet
1022 2773 1121 2846 filtra3

349 2887 380 2938 et
400 2879 476 2938 hauc
497 2881 701 2960 operationem
721 2877 766 2940 bis
796 2877 840 2938 vel
861 2887 907 2938 ter
926 2874 1011 2936 itera.
1034 2875 1123 2933 Prae·

349 2975 506 3058 cipitatum
539 2981 715 3060 puniceum,
748 2976 836 3056 lare,
862 2975 935 3039 iuda
960 2971 1121 3057 genitum,

350 3096 429 3158 aqua
451 3077 678 3168 tepidaablue,
699 3081 730 3140 in
751 3077 819 3142 loco
839 3075 984 3142 nubtum
1012 3071 1123 3160 blando

351 3179 449 3240 calore
470 3178 583 3240 exsicca
603 3191 633 3242 et
653 3197 744 3244 serta.
