2420 4154
236 313 277 359 to
599 311 755 361 MATERIA

228 499 340 590 nor
360 527 519 590 suumn.
542 527 646 624 Alope.

267 731 340 792 Aloe
361 729 527 813 spirasset
548 730 621 792 Aloe
643 728 812 792 Sneotrinn.
835 733 975 791 Fruu'ces
997 733 1125 810 Africae

305 831 459 892 australis.
496 829 657 912 Colligitur
687 833 779 894 etiam
799 850 841 892 ex
861 830 935 893 Aloe
957 829 1073 913 vulgari
1094 834 1126 890 in

307 931 400 993 India
420 931 601 993 occidentali
620 947 649 994 et
669 933 822 993 orientali.

345 1134 459 1193 Succus
480 1133 618 1192 loliorum
650 1131 823 1214 inspissstns
850 1153 867 1192 e
894 1153 1002 1193 croceo
1023 1132 1148 1207 sescus,

305 1230 490 1319 tenuioribus
505 1229 636 1293 frustulis
650 1231 839 1315 dinphnnns,
860 1233 1040 1316 splendens,
1060 1233 1128 1294 frin-

303 1333 387 1415 bilis,
412 1333 525 1416 snporis
545 1332 715 1417 peramari,
745 1337 902 1411 muscosi,
933 1332 1035 1396 odoris
1056 1335 1127 1396 sub·

305 1435 471 1518 myrrhini,
491 1444 596 1516 guttur
615 1431 796 1512 vellicantis,
817 1433 848 1495 in
866 1422 986 1516 'Spiritu
1005 1433 1073 1497 Vini
1089 1455 1126 1496 ex

308 1546 395 1616 toto,
425 1533 457 1596 in
488 1537 574 1616 Aque
604 1533 705 1616 quom
725 1535 886 1597 maximam
906 1548 1023 1618 purtem
1045 1534 1126 1596 solu·

223 1630 225 1634 ⁴
302 1633 382 1698 bilis.

223 1857 392 1924 ALUMEN
414 1853 598 1919 CRUDUM.
619 1851 747 1917 Helue.

345 2036 397 2100 Sel
426 2037 617 2111 octaedrum,
647 2032 926 2118 acido-stypticum,
960 2031 1125 2095 conflatum

302 2159 341 2203 ex
362 2135 523 2211 Alumine,
554 2134 642 2216 Keli,
666 2134 815 2198 interdum
835 2135 1019 2209 Ammonis,
1040 2132 1127 2194 acido

301 2237 473 2320 sulphurico
493 2233 761 2319 praedominante,
790 2245 821 2296 et
842 2255 919 2318 nque
941 2231 1126 2320 crystallisn·

300 2335 392 2402 tionis
413 2333 570 2399 dimidium
591 2332 683 2396 totius
704 2332 843 2419 ponderis
864 2346 1035 2417 superante.
1067 2332 1121 2392 At-

300 2437 374 2499 bnm
395 2435 434 2500 sit
454 2447 546 2520 utque
567 2432 824 2520 subpellucidum,
848 2435 974 2501 metallis
994 2455 1056 2496 uon
1076 2432 1125 2496 in-

301 2539 468 2621 qtunetnm.

219 2755 358 2820 nutent
379 2753 538 2821 celsus.
560 2756 679 2819 Ambra
700 2776 798 2821 marn.

339 2936 480 2999 Materies
513 2935 624 3012 solide,
657 2958 693 2999 ex
719 2936 804 3020 nigro
827 2935 965 3015 cinerea,
1001 2936 1125 2998 maculis

300 3052 331 3101 et
345 3037 423 3102 striis
438 3041 601 3120 variegata,
623 3059 730 3122 opace,
750 3037 840 3119 levis,
863 3037 962 3099 odoris
977 3041 1122 3118 pergrati,

299 3139 361 3200 leni
382 3140 480 3200 calore
494 3137 589 3200 inster
601 3158 689 3199 ceree
705 3135 872 3221 liquescens
887 3158 921 3199 ec
936 3135 1127 3219 deflagrans,

299 3236 330 3300 in
352 3241 481 3302 Aethere
503 3254 535 3300 et
556 3240 666 3322 Spiritu
681 3238 752 3302 Vini
773 3238 904 3301 maxime
922 3259 959 3301 ex
973 3253 1058 3322 perte
1074 3261 1125 3300 so·

299 3339 409 3404 lubilis.
430 3341 554 3403 Oceano
576 3339 614 3400 ed
634 3338 738 3400 littore
751 3338 851 3400 lndine
875 3338 1042 3420 orientalis,
1066 3342 1127 3399 Ae·

300 3424 432 3526 lhiopine
445 3455 476 3506 et
486 3443 637 3506 umencae
652 3438 852 3504 meridionalis
865 3439 897 3502 in
911 3439 1005 3522 globis
1020 3438 1124 3502 venne

299 3543 509 3628 magnitudinis
530 3545 662 3622 innatet,
684 3540 858 3623 plerumque
880 3541 984 3606 rostris
1006 3543 1123 3621 Sepias
